
@article{Muravyev2008,
	title = {Human capital externalities Evidence from the transition economy of Russia 1},
	volume = {16},
	pages = {415--443},
	number = {3},
	journal = {Economics of Transition},
	author = {Muravyev, Alexander},
	date = {2008},
	}