@book{Naikal2019,
 title = {How Wealthy is Russia? Measuring Russia's Comprehensive Wealth from 2000-2017},
 url = {http://documents.worldbank.org/curated/en/811321575350027422/pdf/How-Wealthy-is-Russia-Measuring-Russias-Comprehensive-Wealth-from-2000-2017.pdf},
 publisher = {World Bank},
 author = {Naikal, Esther and Emelyanova, Olga and Nemova, Vladislava and Lange, Glenn-Marie and Sanghi, Apurva},
 date = {2019},
 file = {Naikal et al. - 2019 - 184. How Wealthy is Russia Measuring Russia's Com.pdf:C\:\\Users\\wb164718\\Zotero\\storage\\WTXVN8PI\\Naikal et al. - 2019 - 184. How Wealthy is Russia Measuring Russia's Com.pdf:application/pdf}
}

@TechReport{Montenegro_Patrinos2014,
 author={Montenegro, Claudio E. and Patrinos, Harry Anthony},
 title={Comparable estimates of returns to schooling around the world},
 year={2014},
 month={Sep},
 institution={The World Bank},
 type={Policy Research Working Paper Series},
 url={https://ideas.repec.org/p/wbk/wbrwps/7020.html},
 number={7020}
}

@article{Psacharopoulos_Patrinos2018,
 title = {Returns to Investment in Education: A Decennial Review of the Global Literature},
 volume = {26},
 number = {5},
 journal = {Education Economics},
 author = {Psacharopoulos, George and Patrinos, Harry Anthony},
 month = {Sep},
 year = {2018},
 pages = {445-458}
}

@article{Gimpelson2019,
 title = {{{The}} Labor Market in {{Russia}}, 2000-2017},
 volume = {2019:466},
 journal = {IZA World of Labor},
 author = {Gimpelson, Vladimir},
 month = sep,
 year = {2019},
 file = {C\:\\Users\\1\\Zotero\\storage\\UMIZXGC9\\Gimpelson - 2019 - 139. The labor market in Russia, 2000-2017.pdf}
}

@article{Kozyreva2016,
 title = {{{Data}} Resource Profile: {{The Russia}} Longitudinal Monitoring {{Survey}}\textemdash{{Higher}} School of Economics ({{RLMS}}-{{HSE}}) Phase {{II}}: {{Monitoring}} the Economic and Health Situation in Russia, 1994\textendash{}2013},
 volume = {45},
 number = {2},
 journal = {International Journal of Epidemiology},
 author = {Kozyreva, Polina and Kosolapov, Mikhail and Popkin, Barry M.},
 year = {2016},
 pages = {395-401},
 file = {C\:\\Users\\1\\Zotero\\storage\\IUNCID4P\\Kozyreva et al. - 2016 - Data resource profile The Russia longitudinal mon.pdf}
}

@article{Brainerd1998,
 title = {Winners and losers in {{Russia}}'s economic transition},
 journal = {American Economic Review},
 author = {Brainerd, Elizabeth},
 year = {1998},
 pages = {1094--1116},
}

@article{Borisov2007,
 title = {The vintage effect on the {{Russian}} labor market},
 volume = {45},
 number = {2},
 journal = {Eastern European Economics},
 author = {Borisov, Gleb},
 year = {2007},
 pages = {23--51},
}

@article{Lukyanova2010,
 title = {Returns to {Education}: {What} {Meta}-{Analysis} {Reveals} ({Otdacha} {Ot} {Obrazovaniya}: {CHto} {Pokazyvaet} {Meta}-{Analiz})},
 volume = {14},
 shorttitle = {Returns to {Education}},
 number = {3},
 journal = {Higher School of Economics Journal},
 author = {Luk'yanova, Anna L'vovna},
 year = {2010},
}

@article{Patrinos2019,
 title = {The {{Changing}} {{Pattern}} of {{Returns}} to {{Education}}},
 author = {Patrinos, Harry Anthony},
 year = {2019},
}

@article{Rudakov2019,
 title = {The {{Impact}} of {{Horizontal}} {{Job}}-{{Education}} {{Mismatches}}
 on the {{Earnings}} of {{Recent}} {{University}} {{Graduates}} in {{Russia}}},
 author = {Rudakov, Victor and Figueiredo, Hugo and Teixeira, Pedro and Roshchin, Sergey},
 year = {2019},
}

@article{Vernon2002,
 title = {Returns to human capital in transitional {Russia}},
 journal = {Department of Economics, The University of Texas at Austin},
 author = {Vernon, V.},
 year = {2002},
}

@article{Dudyrev2018,
 title = {Employment of {Vocational} {Graduates}: {Still} a {Slough} or {Already} a {Ford}?},
 shorttitle = {Employment of {Vocational} {Graduates}},
 author = {Dudyrev, F. and Romanova, O. and Travkin, P.},
 year = {2018},
}

@article{Kyui2010,
 title = {Returns to {Education} and {Education}-{Occupation} {Mismatch} within a {Transition} {Economy}. {Empirical} {Analysis} for the {Russian} {Federation}},
 author = {Kyui, Natalia},
 year = {2010},
}

@article{Kyui2016,
 title = {Expansion of higher education, employment and wages: {Evidence} from the {Russian} {Transition}},
 volume = {39},
 journal = {Labour Economics},
 author = {Kyui, Natalia},
 year = {2016},
 pages = {68--87},
}

@book{Calvo2015,
 title = {A decade of declining earnings inequality in the {Russian} {Federation}},
 isbn = {1813-9450},
 publisher = {The World Bank},
 author = {Calvo, Paula Andrea and LÃ³pez-Calva, Luis Felipe and Posadas, Josefina},
 year = {2015},
}

@article{Clark2003,
 title = {Returns to human capital investment in a transition economy: {The} case of {Russia}, 1994-1998},
 volume = {24},
 issn = {0143-7720},
 shorttitle = {Returns to human capital investment in a transition economy},
 url = {https://www.emeraldinsight.com/doi/10.1108/01437720310464945},
 doi = {10.1108/01437720310464945},
 number = {1},
 urldate = {2019-07-23},
 journal = {Int J of Manpower},
 author = {Clark, Andrew},
 year = {2003},
 pages = {11--30},
}

@article{Carnoy2012,
 title = {The economic returns to higher education in the {BRIC} countries and their implications for higher education expansion},
 volume = {2},
 journal = {Higher School of Economics Research Paper No. WP BRP},
 author = {Carnoy, Martin and Loyalka, Prashant Kumar and Androushchak, Greg V. and Proudnikova, Anna},
 year = {2012},
}

@article{Belskaya2014,
 title = {College expansion and the marginal returns to education: {Evidence} from {Russia}},
 shorttitle = {College expansion and the marginal returns to education},
 author = {Belskaya, Olga and Sabirianova Peter, Klara and Posso, Christian},
 year = {2014},
}

@article{Cheidvasser2007,
  title = {{{The}} Educated {{Russian}}'s Curse: {{Returns}} to Education in the {{Russian Federation}} during the 1990s},
  volume = {21},
  shorttitle = {The Educated {{Russian}}'s Curse},
  number = {1},
  journal = {Labour},
  author = {Cheidvasser, Sofia and {Ben{\'i}tez-Silva}, Hugo},
  year = {2007},
  pages = {1--41},
  file = {C\:\\Users\\1\\Zotero\\storage\\AZRI7EJ6\\Cheidvasser и Benítez-Silva - 2007 - The educated Russian's curse Returns to education.pdf}
}