
@book{Naikal2019,
	title = {How Wealthy is Russia? Measuring Russia's Comprehensive Wealth from 2000-2017},
	url = {http://documents.worldbank.org/curated/en/811321575350027422/pdf/How-Wealthy-is-Russia-Measuring-Russias-Comprehensive-Wealth-from-2000-2017.pdf},
	publisher = {World Bank},
	author = {Naikal, Esther and Emelyanova, Olga and Nemova, Vladislava and Lange, Glenn-Marie and Sanghi, Apurva},
	date = {2019},
	file = {Naikal et al. - 2019 - 184. How Wealthy is Russia Measuring Russia's Com.pdf:C\:\\Users\\wb164718\\Zotero\\storage\\WTXVN8PI\\Naikal et al. - 2019 - 184. How Wealthy is Russia Measuring Russia's Com.pdf:application/pdf}
}


@TechReport{Montenegro_Patrinos14,
  author={Montenegro, Claudio E. and Patrinos, Harry Anthony},
  title={Comparable estimates of returns to schooling around the world},
  year={2014},
  month={Sep},
  institution={The World Bank},
  type={Policy Research Working Paper Series},
  url={https://ideas.repec.org/p/wbk/wbrwps/7020.html},
  number={7020}
}

@article{Psacharopoulos_Patrinos18,
  title = {Returns to Investment in Education: A Decennial Review of the Global Literature},
  volume = {26},
  number = {5},
  journal = {Education Economics},
  author = {Psacharopoulos, George and Patrinos, Harry Anthony},
  month = {Sep},
  year = {2018},
  pages = {445-458}
}

@article{Gimpelson2019,
  title = {{{The}} Labor Market in {{Russia}}, 2000-2017},
  volume = {2019:466},
  journal = {IZA World of Labor},
  author = {Gimpelson, Vladimir},
  month = sep,
  year = {2019},
  file = {C\:\\Users\\1\\Zotero\\storage\\UMIZXGC9\\Gimpelson - 2019 - 139. The labor market in Russia, 2000-2017.pdf}
}


@article{Kozyreva2016,
  title = {{{Data}} Resource Profile: {{The Russia}} Longitudinal Monitoring {{Survey}}\textemdash{{Higher}} School of Economics ({{RLMS}}-{{HSE}}) Phase {{II}}: {{Monitoring}} the Economic and Health Situation in Russia, 1994\textendash{}2013},
  volume = {45},
  number = {2},
  journal = {International Journal of Epidemiology},
  author = {Kozyreva, Polina and Kosolapov, Mikhail and Popkin, Barry M.},
  year = {2016},
  pages = {395-401},
  file = {C\:\\Users\\1\\Zotero\\storage\\IUNCID4P\\Kozyreva et al. - 2016 - Data resource profile The Russia longitudinal mon.pdf}
}

@article{Cheidvasser2007,
  title = {{{The}} Educated {{Russian}}'s Curse: {{Returns}} to Education in the {{Russian Federation}} during the 1990s},
  volume = {21},
  shorttitle = {The Educated {{Russian}}'s Curse},
  number = {1},
  journal = {Labour},
  author = {Cheidvasser, Sofia and {Ben{\'i}tez-Silva}, Hugo},
  year = {2007},
  pages = {1--41},
  file = {C\:\\Users\\1\\Zotero\\storage\\AZRI7EJ6\\Cheidvasser и Benítez-Silva - 2007 - The educated Russian's curse Returns to education.pdf}
}


