
@article{cheidvasser_educated_2007,
	title = {The educated {Russian}'s curse: {Returns} to education in the {Russian} {Federation} during the 1990s},
	volume = {21},
	shorttitle = {The educated {Russian}'s curse},
	number = {1},
	journal = {Labour},
	author = {Cheidvasser, Sofia and Benítez-Silva, Hugo},
	year = {2007},
	pages = {1--41},
	file = {Cheidvasser и Benítez-Silva - 2007 - The educated Russian's curse Returns to education.pdf:files/512/Cheidvasser и Benítez-Silva - 2007 - The educated Russian's curse Returns to education.pdf:application/pdf}
}

@article{belskaya_college_2014,
	title = {College expansion and the marginal returns to education: {Evidence} from {Russia}},
	shorttitle = {College expansion and the marginal returns to education},
	author = {Belskaya, Olga and Sabirianova Peter, Klara and Posso, Christian},
	year = {2014},
	file = {Belskaya и др. - 2014 - College expansion and the marginal returns to education in Russia Econstor IZA WP 2014.pdf:files/594/Belskaya и др. - 2014 - College expansion and the marginal returns to education in Russia Econstor IZA WP 2014.pdf:application/pdf}
}

@article{kim_014._2019,
	title = {014. {Returns} to women’s education using optimal {IV} selection},
	volume = {51},
	number = {8},
	journal = {Applied Economics},
	author = {Kim, Jun Sung and Jiang, Bin and Li, Chuhui and Yang, Hee-Seung},
	year = {2019},
	pages = {815--830},
	file = {Kim и др. - 2019 - Returns to women’s education using optimal IV sele.pdf:files/548/Kim и др. - 2019 - Returns to women’s education using optimal IV sele.pdf:application/pdf}
}

@article{kyui_returns_2010,
	title = {Returns to {Education} and {Education}-{Occupation} {Mismatch} within a {Transition} {Economy}. {Empirical} {Analysis} for the {Russian} {Federation}},
	author = {Kyui, Natalia},
	year = {2010},
	file = {Kyui - 2010 - Returns to Education and Education-Occupation Mism.pdf:files/617/Kyui - 2010 - Returns to Education and Education-Occupation Mism.pdf:application/pdf}
}

@article{kyui_expansion_2016,
	title = {Expansion of higher education, employment and wages: {Evidence} from the {Russian} {Transition}},
	volume = {39},
	journal = {Labour Economics},
	author = {Kyui, Natalia},
	year = {2016},
	pages = {68--87},
	file = {Kyui - 2016 - Expansion of higher education, employment and wage.pdf:files/618/Kyui - 2016 - Expansion of higher education, employment and wage.pdf:application/pdf;Natalia Kyui HE EXPANSION AND WAGES IN RUSSIA Labor Economics 2016 TECHNICAL APPENDIX.pdf:files/641/Natalia Kyui HE EXPANSION AND WAGES IN RUSSIA Labor Economics 2016 TECHNICAL APPENDIX.pdf:application/pdf}
}

@article{akhmedjonov_higher_2011,
	title = {Do higher levels of education raise earnings in post-reform {Russia}?},
	volume = {49},
	number = {4},
	journal = {Eastern European Economics},
	author = {Akhmedjonov, Alisher},
	year = {2011},
	note = {Publisher: Taylor \& Francis},
	pages = {47--60},
	file = {Full Text:files/1292/Akhmedjonov - 2011 - Do higher levels of education raise earnings in po.pdf:application/pdf;Snapshot:C\:\\Users\\1\\Zotero\\storage\\UZ9NMRZV\\EEE0012-8775490403.html:text/html}
}

@article{arabsheibani_returns_2012,
	title = {Returns to education in {Russia}: {Where} there is risky sexual behaviour there is also an instrument},
	shorttitle = {Returns to education in {Russia}},
	author = {Arabsheibani, G. Reza and Staneva, Anita},
	year = {2012},
	note = {Publisher: IZA Discussion Paper},
	file = {Full Text:files/1295/Arabsheibani and Staneva - 2012 - Returns to education in Russia Where there is ris.pdf:application/pdf;Snapshot:files/1296/papers.html:text/html}
}

@incollection{belloni_high_2011,
	title = {High dimensional sparse econometric models: {An} introduction},
	shorttitle = {High dimensional sparse econometric models},
	booktitle = {Inverse {Problems} and {High}-{Dimensional} {Estimation}},
	publisher = {Springer},
	author = {Belloni, Alexandre and Chernozhukov, Victor},
	year = {2011},
	pages = {121--156},
	file = {Full Text:files/1298/Belloni and Chernozhukov - 2011 - High dimensional sparse econometric models An int.pdf:application/pdf;Snapshot:files/1299/978-3-642-19989-9_3.html:text/html}
}

@article{belloni_sparse_2012,
	title = {Sparse models and methods for optimal instruments with an application to eminent domain},
	volume = {80},
	number = {6},
	journal = {Econometrica},
	author = {Belloni, Alexandre and Chen, Daniel and Chernozhukov, Victor and Hansen, Christian},
	year = {2012},
	note = {Publisher: Wiley Online Library},
	pages = {2369--2429},
	file = {Snapshot:files/1301/ECTA9626.html:text/html}
}

@article{tibshirani_regression_1996,
	title = {Regression shrinkage and selection via the lasso},
	volume = {58},
	number = {1},
	journal = {Journal of the Royal Statistical Society: Series B (Methodological)},
	author = {Tibshirani, Robert},
	year = {1996},
	note = {Publisher: Wiley Online Library},
	pages = {267--288},
	file = {Full Text:files/1303/Tibshirani - 1996 - Regression shrinkage and selection via the lasso.pdf:application/pdf;Snapshot:files/1304/j.2517-6161.1996.tb02080.html:text/html}
}

@article{diebold_econometric_2019,
	title = {Econometric {Data} {Science}: {A} {Predictive} {Modeling} {Approach}},
	shorttitle = {Econometric {Data} {Science}},
	url = {http://www.ssc.upenn.edu/~fdiebold/Textbooks.html},
	journal = {Department of Economics, University of Pennsylvania},
	author = {Diebold, F. X.},
	year = {2019}
}

@article{belloni_high-dimensional_2014,
	title = {High-dimensional methods and inference on structural and treatment effects},
	volume = {28},
	number = {2},
	journal = {Journal of Economic Perspectives},
	author = {Belloni, Alexandre and Chernozhukov, Victor and Hansen, Christian},
	year = {2014},
	pages = {29--50},
	file = {Full Text:files/1307/Belloni et al. - 2014 - High-dimensional methods and inference on structur.pdf:application/pdf;Snapshot:files/1308/articles.html:text/html}
}