@article{Arrazola_2005,
  title = {A Proposal to Estimate Human Capital Depreciation: {{Some}} Evidence for {{Spain}}},
  volume = {172},
  number = {1},
  journal = {Hacienda Publica Espanola\textendash{}Revista de Economia Publica},
  author = {Arrazola, Mar{\'i}a and {de Hevia}, Jos{\'e} and Risue{\~n}o, Marta and Sanz, Jose Felix},
  year = {2005},
  pages = {9-22},
  file = {C\:\\Users\\1\\Zotero\\storage\\VBLPCCQI\\Arrazola et al. - 2005 - 132b. A proposal to estimate human capital depreci.pdf}
}


@article{Blau_2013,
	title = {Trends in occupational segregation by gender 1970â€“2009: Adjusting for the impact of changes in the occupational coding system},
	volume = {50},
	pages = {471--492},
	number = {2},
	journaltitle = {Demography},
	author = {Blau, Francine D. and Brummund, Peter and Liu, Albert Yung-Hsu},
	date = {2013},
	file = {Blau et al. - 2013 - 178. Trends in occupational segregation by gender .pdf:C\:\\Users\\wb164718\\Zotero\\storage\\PQM9UMCE\\Blau et al. - 2013 - 178. Trends in occupational segregation by gender .pdf:application/pdf}
}

@article{Klimova_2009,
  title = {{{Gender Occupational Segregation}} in the {{Russian Labour Market}}},
  journal = {University of Technology, Sydney Working Paper},
  author = {Klimova, Anastasia},
  year = {2009},
  file = {C\:\\Users\\1\\Zotero\\storage\\YWDNVEGH\\Klimova - 2009 - 159. Gender Occupational Segregation in the Russia.pdf}
}

@article{Klimova_2012,
  title = {{{Gender}}-Based Occupational Segregation in {{Russia}}: An Empirical Study},
  volume = {39},
  number = {7},
  journal = {International Journal of Social Economics},
  author = {Klimova, Anastasia and Ross, Russell},
  year = {2012},
  pages = {474-489},
  file = {C\:\\Users\\1\\Zotero\\storage\\F68IIQZ5\\Klimova and Ross - 2012 - 131. Gender-based occupational segregation in Russ.pdf}
}

@article{Kosyakova_2015,
  title = {{{Horizontal}} and Vertical Gender Segregation in {{Russia}}\textemdash{}Changes upon Labour Market Entry before and after the Collapse of the {{Soviet}} Regime},
  volume = {31},
  number = {5},
  journal = {European Sociological Review},
  author = {Kosyakova, Yuliya and Kurakin, Dmitry and Blossfeld, Hans-Peter},
  year = {2015},
  pages = {573-590},
  file = {C\:\\Users\\1\\Zotero\\storage\\TESV752J\\Kosyakova et al. - 2015 - 121. Horizontal and vertical gender segregation in.pdf}
}

@article{Mihaylov_2019,
  title = {{{Measuring}} the {{Routine}} and {{Non}}-{{Routine Task Content}} of 427 {{Four}}-{{Digit ISCO}}-08 {{Occupations}}},
  volume = {TI 2019-035/V},
  journal = {Tinbergen Institute Discussion Paper},
  author = {Mihaylov, Emil and Tijdens, Kea Gartje},
  year = {2019},
  file = {C\:\\Users\\1\\Zotero\\storage\\229AFXNJ\\Mihaylov and Tijdens - 2019 - 152. Measuring the Routine and Non-Routine Task Co.pdf}
}

@article{Mincer_1982,
  title = {{{Interrupted}} Work Careers: {{Depreciation}} and Restoration of Human Capital},
  journal = {Journal of human resources},
  author = {Mincer, Jacob and Ofek, Haim},
  year = {1982},
  pages = {3-24},
  file = {C\:\\Users\\1\\Zotero\\storage\\K5YJ344P\\Mincer and Ofek - 1982 - 175. Interrupted work careers Depreciation and re.pdf}
}

@article{Murillo_2006,
  title = {{{Returns}} to {{Education}} and {{Human Capital Depreciation}} in {{Spain}}},
  journal = {Econstor Working Paper},
  author = {Murillo, Ines P.},
  year = {2006},
  file = {C\:\\Users\\1\\Zotero\\storage\\SX2568BP\\Murillo - 2006 - 172. Returns to Education and Human Capital Deprec.pdf}
}

@article{Neuman_1995,
  title = {{{On}} the Effects of Schooling Vintage on Experience-Earnings Profiles: Theory and Evidence},
  volume = {39},
  number = {5},
  journal = {European economic review},
  author = {Neuman, Shoshana and Weiss, Avi},
  year = {1995},
  pages = {943-955},
  file = {C\:\\Users\\1\\Zotero\\storage\\QZSHVME7\\Neuman and Weiss - 1995 - 091. On the effects of schooling vintage on experi.pdf}
}

@article{Preston_1999,
	title = {Occupational gender segregation trends and explanations},
	volume = {39},
	pages = {611--624},
	number = {5},
	journaltitle = {The Quarterly Review of Economics and Finance},
	author = {Preston, Jo Anne},
	date = {1999},
	file = {Preston - 1999 - 179. Occupational gender segregation trends and ex.pdf:C\:\\Users\\wb164718\\Zotero\\storage\\FWSGKF34\\Preston - 1999 - 179. Occupational gender segregation trends and ex.pdf:application/pdf}
}
 
@article{Rosen_1976,
  title = {{{A}} Theory of Life Earnings},
  volume = {84},
  number = {4, Part 2},
  journal = {Journal of Political Economy},
  author = {Rosen, Sherwin},
  year = {1976},
  pages = {S45-S67},
  file = {C\:\\Users\\1\\Zotero\\storage\\JHKHZBD4\\Rosen - 1976 - 176. A theory of life earnings.pdf}
}

@phdthesis{Weber_2011,
  title = {{{On}} the Impact of Education on Human Capital Depreciation, Wage Growth, and {{Tenure}}},
  school = {University of Geneva},
  author = {Weber, Sylvain},
  year = {2011},
  file = {C\:\\Users\\1\\Zotero\\storage\\Q4NX7B26\\Weber - 2011 - 156. On the impact of education on human capital d.pdf}
}

@inproceedings{Weber_2008,
  address = {{Amsterdam, The Nnetherlands}},
  title = {{{Human}} Capital Depreciation and Education Level: Some Evidence for {{Switzerland}}},
  booktitle = {Annual {{Conference}} of the {{European Association}} of {{Labour Economists}}},
  author = {Weber, Sylvain},
  month = sep,
  year = {2008},
  file = {C\:\\Users\\1\\Zotero\\storage\\BPXHH2TU\\Weber - 2008 - 173. Human capital depreciation and education leve.pdf}
}

@article{Patrinos_2020,
  title = {WP 1 - Returns to Education in the Russian Federation: Some New Estimates},
  journal = {World Bank ASA P170979 Russian Federation},
  author = {Patrinos, Harry and Parandekar, Suhas and Melianova, Ekaterina and Volgin, Artem},
  year = {2020}
}
