@article{cheidvasser2007,
  title = {006. {{The}} Educated {{Russian}}'s Curse: {{Returns}} to Education in the {{Russian Federation}} during the 1990s},
  volume = {21},
  shorttitle = {The Educated {{Russian}}'s Curse},
  number = {1},
  journal = {Labour},
  author = {Cheidvasser, Sofia and {Ben{\'i}tez-Silva}, Hugo},
  year = {2007},
  pages = {1--41},
  file = {C\:\\Users\\1\\Zotero\\storage\\AZRI7EJ6\\Cheidvasser и Benítez-Silva - 2007 - The educated Russian's curse Returns to education.pdf}
}

@article{brotherhood2017,
  author={Luiz Mário Brotherhood and Pedro Cavalcanti Ferreira and Cezar Santos},
  title={{Education Quality and Returns to Schooling: Evidence from Migrants in Brazil}},
  journal={Economic Development and Cultural Change},
  year={2019},
  volume={67},
  number={3},
  pages={439-459},
    url={https://ideas.repec.org/a/ucp/ecdecc/doi10.1086-698314.html}
}

@article{lugovoy2007,
  title={Economic, geographical, and institutional aspects of regional economic growth in Russia},
  author={Lugovoy, O and Dashkeyev, V and Mazayev, I and Fomchenko, D and Polyakov, A},
  journal={Tech-nical Report, Institute for the Economy in Transition, Moscow (in Russian)},
  year={2007}
}

@article{gluschenko2011,
  title={Studies on income inequality among Russian regions},
  author={Gluschenko, Konstantin P},
  journal={Regional Research of Russia},
  volume={1},
  number={4},
  pages={319-330},
  year={2011},
  publisher={Springer}
}
  
@article{hauner2008,
  title={Explaining differences in public sector efficiency: evidence from Russia’s regions},
  author={Hauner, David},
  journal={World Development},
  volume={36},
  number={10},
  pages={1745-1765},
  year={2008},
  publisher={Elsevier}
}
  
@book{worldbank2018,
author = {{World Bank} },
title = {Rolling Back Russia's Spatial Disparities},
publisher = {{World Bank}},
year = {2018},
doi = {10.1596/29866},
URL = {https://elibrary.worldbank.org/doi/abs/10.1596/29866}
}


@book{kufenko2014,
  title={Economic growth and inequality: Empirical analysis for the Russian regions},
  author={Kufenko, Vadim},
  year={2014},
  publisher={Springer}
}


@article{baeva2013,
 title={Assessment of the return on education at the regional level (Otsenka otdachi ot obrazovaniya na urovne regiona)},
 volume={2},
 number={42},
 journal={Manager (Upravlenets)},
 author={Baeva, Olga Nikolaevna},
 year ={2013},
 pages={64-69}
}

@article{oshchepkov2018,
	title = {What Drives Returns to Higher Education: Evidence from Russian Regions},
	author = {Oshchepkov, Aleksey},
	journal={Center for Labour Market Studies, Higher School of Economics, Moscow},
	date = {2018},
	}
	
	
@article{halvorsen1980,
  title={The interpretation of dummy variables in semilogarithmic equations},
  author={Halvorsen, Robert and Palmquist, Raymond and others},
  journal={American Economic Review},
  volume={70},
  number={3},
  pages={474--475},
  year={1980},
  publisher={American Economic Association}
}

@article{lyubimov2018,
  title={Towards increased complexity in Russian regions: networks, diversification and growth},
  author={Lyubimov, Vanya and Gvozdeva, Margarita and Lysyuk, Maria},
  year={2018},
  publisher={Bank of Finland Institute for Economies in Transition (BOFIT) Discussion Paper}
}

@article{hausmann2011,
  title={The network structure of economic output},
  author={Hausmann, Ricardo and Hidalgo, C{\'e}sar A},
  journal={Journal of Economic Growth},
  volume={16},
  number={4},
  pages={309--342},
  year={2011},
  publisher={Springer}
}

@book{hausmann2014,
  title={The atlas of economic complexity: Mapping paths to prosperity},
  author={Hausmann, Ricardo and Hidalgo, C{\'e}sar A and Bustos, Sebasti{\'a}n and Coscia, Michele and Simoes, Alexander and Yildirim, Muhammed A},
  year={2014},
  publisher={Mit Press}
}

@article{Psacharopoulos_Patrinos2018,
  title = {Returns to Investment in Education: A Decennial Review of the Global Literature},
  volume = {26},
  number = {5},
  journal = {Education Economics},
  author = {Psacharopoulos, George and Patrinos, Harry Anthony},
  year = {2018},
  pages = {445-458}
}
