%% LaTeX2e file `demo.bib'
%% generated by the `filecontents' environment
%% from source `mwle' on 2020/01/28.
%%
@book{Bara2006,
  address = {New York},
  author = {Bara, Judith},
  publisher = {Routledge},
  title = {{English Citation entry}},
  year = {2006},
  language={english},
  hyphenation={english}
}
@book{Baranov2001,
  address = {Санкт-Петербугр},
  author = {Баранов, Николай А},
  title = {{Эволюция взглядов}},
  year = {2001},
  language={russian},
  hyphenation={russian}
}
