
@article{juhn_013._1993,
  title = {013. {{Wage}} Inequality and the Rise in Returns to Skill},
  volume = {101},
  number = {3},
  journal = {Journal of political Economy},
  author = {Juhn, Chinhui and Murphy, Kevin M. and Pierce, Brooks},
  year = {1993},
  pages = {410--442},
  file = {C\:\\Users\\1\\Zotero\\storage\\G6HXABYL\\Juhn, Murphy and Pierce Inequality and Rising Returns to Education JPE 1993.pdf}
}

@article{clark_007._2003,
  title = {007. {{Returns}} to Human Capital Investment in a Transition Economy: {{The}} Case of {{Russia}}, 1994-1998},
  volume = {24},
  issn = {0143-7720},
  shorttitle = {Returns to Human Capital Investment in a Transition Economy},
  abstract = {Russia has undergone tumultuous changes during the transition process. This has been nowhere more evident than within the labour market. The transition has now progressed to such an extent that it is possible to examine whether the issues of a re-capitalisation and restructuring of human capital have been addressed. This paper uses the Russian Longitudinal Monitoring Survey to assess rates of return to human capital investments for the years 1994-1998. It utilises standard earnings functions to assess the returns to education as well as to specific levels of postcompulsory education and training. This article places specific emphasis on firm level training and the role of the firm, for the purpose of this special issue. Results suggest, in the case of Russia, that significant and positive returns to education and training exist comparable in magnitude to those in other transition countries.},
  language = {en},
  number = {1},
  journal = {International Journal of Manpower},
  doi = {10.1108/01437720310464945},
  author = {Clark, Andrew},
  month = feb,
  year = {2003},
  pages = {11-30},
  file = {C\:\\Users\\1\\Zotero\\storage\\EFWLDTEM\\Clark - 2003 - Returns to human capital investment in a transitio.pdf}
}

@article{brainerd_003._1998,
  title = {003. {{Winners}} and Losers in {{Russia}}'s Economic Transition},
  journal = {American Economic Review},
  author = {Brainerd, Elizabeth},
  year = {1998},
  pages = {1094--1116},
  file = {C\:\\Users\\1\\Zotero\\storage\\66PU2DF8\\Brainerd - 1998 - Winners and losers in Russia's economic transition.pdf}
}

@article{gorodnichenko_010._2005,
  title = {010. {{Returns}} to Schooling in {{Russia}} and {{Ukraine}}: {{A}} Semiparametric Approach to Cross-Country Comparative Analysis},
  volume = {33},
  shorttitle = {Returns to Schooling in {{Russia}} and {{Ukraine}}},
  number = {2},
  journal = {Journal of Comparative Economics},
  author = {Gorodnichenko, Yuriy and Sabirianova, Klara},
  year = {2005},
  pages = {324--350},
  file = {C\:\\Users\\1\\Zotero\\storage\\YNVQCFDH\\Gorodnichenko и Peter - 2005 - Returns to schooling in Russia and Ukraine A semi.pdf}
}

@article{cheidvasser_006._2007,
  title = {006. {{The}} Educated {{Russian}}'s Curse: {{Returns}} to Education in the {{Russian Federation}} during the 1990s},
  volume = {21},
  shorttitle = {The Educated {{Russian}}'s Curse},
  number = {1},
  journal = {Labour},
  author = {Cheidvasser, Sofia and {Ben{\'i}tez-Silva}, Hugo},
  year = {2007},
  pages = {1--41},
  file = {C\:\\Users\\1\\Zotero\\storage\\AZRI7EJ6\\Cheidvasser и Benítez-Silva - 2007 - The educated Russian's curse Returns to education.pdf}
}

@article{borisov_002._2007,
  title = {002. {{The}} Vintage Effect on the {{Russian}} Labor Market},
  volume = {45},
  number = {2},
  journal = {Eastern European Economics},
  author = {Borisov, Gleb},
  year = {2007},
  pages = {23--51},
  file = {C\:\\Users\\1\\Zotero\\storage\\989C9W45\\Borisov - 2007 - The vintage effect on the Russian labor market.pdf}
}

@article{staneva_019._2010,
  title = {019. {{Returns}} to Education in Four Transition Countries: Quantile Regression Approach},
  shorttitle = {Returns to Education in Four Transition Countries},
  author = {Staneva, Anita and Arabsheibani, G. Reza and Murphy, Philip D.},
  year = {2010},
  file = {C\:\\Users\\1\\Zotero\\storage\\BHW7XP6W\\Staneva и др. - 2010 - Returns to education in four transition countries.pdf}
}

@article{_024._2010,
  title = {024. {{\cyrchar\CYRO\cyrchar\cyrt\cyrchar\cyrd\cyrchar\cyra\cyrchar\cyrch\cyrchar\cyra}} \cyrchar\CYRO\cyrchar\cyrt{} \cyrchar\CYRV\cyrchar\cyrery\cyrchar\cyrs\cyrchar\cyrsh\cyrchar\cyre\cyrchar\cyrg\cyrchar\cyro{} \cyrchar\CYRO\cyrchar\cyrb\cyrchar\cyrr\cyrchar\cyra\cyrchar\cyrz\cyrchar\cyro\cyrchar\cyrv\cyrchar\cyra\cyrchar\cyrn\cyrchar\cyri\cyrchar\cyrya{} \cyrchar\cyrv{} \cyrchar\CYRR\cyrchar\cyro\cyrchar\cyrs\cyrchar\cyrs\cyrchar\cyri\cyrchar\cyrishrt\cyrchar\cyrs\cyrchar\cyrk\cyrchar\cyri\cyrchar\cyrh{} \cyrchar\CYRR\cyrchar\cyre\cyrchar\cyrg\cyrchar\cyri\cyrchar\cyro\cyrchar\cyrn\cyrchar\cyra\cyrchar\cyrh{}},
  volume = {14},
  number = {4},
  journal = {\cyrchar\CYREREV\cyrchar\cyrk\cyrchar\cyro\cyrchar\cyrn\cyrchar\cyro\cyrchar\cyrm\cyrchar\cyri\cyrchar\cyrch\cyrchar\cyre\cyrchar\cyrs\cyrchar\cyrk\cyrchar\cyri\cyrchar\cyrishrt{} \cyrchar\cyrzh\cyrchar\cyru\cyrchar\cyrr\cyrchar\cyrn\cyrchar\cyra\cyrchar\cyrl{} \cyrchar\CYRV\cyrchar\cyrery\cyrchar\cyrs\cyrchar\cyrsh\cyrchar\cyre\cyrchar\cyrishrt{} \cyrchar\cyrsh\cyrchar\cyrk\cyrchar\cyro\cyrchar\cyrl\cyrchar\cyrery{} \cyrchar\cyrerev\cyrchar\cyrk\cyrchar\cyro\cyrchar\cyrn\cyrchar\cyro\cyrchar\cyrm\cyrchar\cyri\cyrchar\cyrk\cyrchar\cyri{}},
  author = {\cyrchar\CYRO\cyrchar\cyrshch\cyrchar\cyre\cyrchar\cyrp\cyrchar\cyrk\cyrchar\cyro\cyrchar\cyrv, \cyrchar\CYRA\cyrchar\cyrl\cyrchar\cyre\cyrchar\cyrk\cyrchar\cyrs\cyrchar\cyre\cyrchar\cyrishrt{} \cyrchar\CYRYU\cyrchar\cyrr\cyrchar\cyrsftsn\cyrchar\cyre\cyrchar\cyrv\cyrchar\cyri\cyrchar\cyrch{}},
  year = {2010},
  file = {C\:\\Users\\1\\Zotero\\storage\\KQU8PH5A\\Ощепков - 2010 - Отдача от высшего образования в российских региона.pdf}
}

@article{_023._2010,
  title = {023. {{\cyrchar\CYRO\cyrchar\cyrt\cyrchar\cyrd\cyrchar\cyra\cyrchar\cyrch\cyrchar\cyra}} \cyrchar\CYRO\cyrchar\cyrt{} \cyrchar\CYRO\cyrchar\cyrb\cyrchar\cyrr\cyrchar\cyra\cyrchar\cyrz\cyrchar\cyro\cyrchar\cyrv\cyrchar\cyra\cyrchar\cyrn\cyrchar\cyri\cyrchar\cyrya{}: \cyrchar\CYRCH\cyrchar\cyrt\cyrchar\cyro{} \cyrchar\CYRP\cyrchar\cyro\cyrchar\cyrk\cyrchar\cyra\cyrchar\cyrz\cyrchar\cyrery\cyrchar\cyrv\cyrchar\cyra\cyrchar\cyre\cyrchar\cyrt{} \cyrchar\CYRM\cyrchar\cyre\cyrchar\cyrt\cyrchar\cyra{}-\cyrchar\CYRA\cyrchar\cyrn\cyrchar\cyra\cyrchar\cyrl\cyrchar\cyri\cyrchar\cyrz{}},
  volume = {14},
  shorttitle = {\cyrchar\CYRO\cyrchar\cyrt\cyrchar\cyrd\cyrchar\cyra\cyrchar\cyrch\cyrchar\cyra{} \cyrchar\CYRO\cyrchar\cyrt{} \cyrchar\CYRO\cyrchar\cyrb\cyrchar\cyrr\cyrchar\cyra\cyrchar\cyrz\cyrchar\cyro\cyrchar\cyrv\cyrchar\cyra\cyrchar\cyrn\cyrchar\cyri\cyrchar\cyrya{}},
  number = {3},
  journal = {\cyrchar\CYREREV\cyrchar\cyrk\cyrchar\cyro\cyrchar\cyrn\cyrchar\cyro\cyrchar\cyrm\cyrchar\cyri\cyrchar\cyrch\cyrchar\cyre\cyrchar\cyrs\cyrchar\cyrk\cyrchar\cyri\cyrchar\cyrishrt{} \cyrchar\cyrzh\cyrchar\cyru\cyrchar\cyrr\cyrchar\cyrn\cyrchar\cyra\cyrchar\cyrl{} \cyrchar\CYRV\cyrchar\cyrery\cyrchar\cyrs\cyrchar\cyrsh\cyrchar\cyre\cyrchar\cyrishrt{} \cyrchar\cyrsh\cyrchar\cyrk\cyrchar\cyro\cyrchar\cyrl\cyrchar\cyrery{} \cyrchar\cyrerev\cyrchar\cyrk\cyrchar\cyro\cyrchar\cyrn\cyrchar\cyro\cyrchar\cyrm\cyrchar\cyri\cyrchar\cyrk\cyrchar\cyri{}},
  author = {\cyrchar\CYRL\cyrchar\cyru\cyrchar\cyrk\cyrchar\cyrsftsn\cyrchar\cyrya\cyrchar\cyrn\cyrchar\cyro\cyrchar\cyrv\cyrchar\cyra, \cyrchar\CYRA\cyrchar\cyrn\cyrchar\cyrn\cyrchar\cyra{} \cyrchar\CYRL\cyrchar\cyrsftsn\cyrchar\cyrv\cyrchar\cyro\cyrchar\cyrv\cyrchar\cyrn\cyrchar\cyra{}},
  year = {2010},
  file = {C\:\\Users\\1\\Zotero\\storage\\HQ8VFQGV\\Лукьянова - 2010 - Отдача от образования что показывает мета-анализ.pdf}
}

@article{_025._2011,
  title = {025. {{\cyrchar\CYRCH\cyrchar\cyrt\cyrchar\cyro}} \cyrchar\CYRV\cyrchar\cyrl\cyrchar\cyri\cyrchar\cyrya\cyrchar\cyre\cyrchar\cyrt{} \cyrchar\CYRN\cyrchar\cyra{} \cyrchar\CYRO\cyrchar\cyrt\cyrchar\cyrd\cyrchar\cyra\cyrchar\cyrch\cyrchar\cyru{} \cyrchar\CYRO\cyrchar\cyrt{} \cyrchar\CYRO\cyrchar\cyrb\cyrchar\cyrr\cyrchar\cyra\cyrchar\cyrz\cyrchar\cyro\cyrchar\cyrv\cyrchar\cyra\cyrchar\cyrn\cyrchar\cyri\cyrchar\cyrya{}: \cyrchar\CYRM\cyrchar\cyre\cyrchar\cyrzh\cyrchar\cyrr\cyrchar\cyre\cyrchar\cyrg\cyrchar\cyri\cyrchar\cyro\cyrchar\cyrn\cyrchar\cyra\cyrchar\cyrl\cyrchar\cyrsftsn\cyrchar\cyrn\cyrchar\cyrery\cyrchar\cyrishrt{} \cyrchar\CYRA\cyrchar\cyrn\cyrchar\cyra\cyrchar\cyrl\cyrchar\cyri\cyrchar\cyrz{}},
  volume = {15},
  shorttitle = {\cyrchar\CYRCH\cyrchar\cyrt\cyrchar\cyro{} \cyrchar\CYRV\cyrchar\cyrl\cyrchar\cyri\cyrchar\cyrya\cyrchar\cyre\cyrchar\cyrt{} \cyrchar\CYRN\cyrchar\cyra{} \cyrchar\CYRO\cyrchar\cyrt\cyrchar\cyrd\cyrchar\cyra\cyrchar\cyrch\cyrchar\cyru{} \cyrchar\CYRO\cyrchar\cyrt{} \cyrchar\CYRO\cyrchar\cyrb\cyrchar\cyrr\cyrchar\cyra\cyrchar\cyrz\cyrchar\cyro\cyrchar\cyrv\cyrchar\cyra\cyrchar\cyrn\cyrchar\cyri\cyrchar\cyrya{}},
  number = {1},
  journal = {\cyrchar\CYREREV\cyrchar\cyrk\cyrchar\cyro\cyrchar\cyrn\cyrchar\cyro\cyrchar\cyrm\cyrchar\cyri\cyrchar\cyrch\cyrchar\cyre\cyrchar\cyrs\cyrchar\cyrk\cyrchar\cyri\cyrchar\cyrishrt{} \cyrchar\cyrzh\cyrchar\cyru\cyrchar\cyrr\cyrchar\cyrn\cyrchar\cyra\cyrchar\cyrl{} \cyrchar\CYRV\cyrchar\cyrery\cyrchar\cyrs\cyrchar\cyrsh\cyrchar\cyre\cyrchar\cyrishrt{} \cyrchar\cyrsh\cyrchar\cyrk\cyrchar\cyro\cyrchar\cyrl\cyrchar\cyrery{} \cyrchar\cyrerev\cyrchar\cyrk\cyrchar\cyro\cyrchar\cyrn\cyrchar\cyro\cyrchar\cyrm\cyrchar\cyri\cyrchar\cyrk\cyrchar\cyri{}},
  author = {\cyrchar\CYRO\cyrchar\cyrshch\cyrchar\cyre\cyrchar\cyrp\cyrchar\cyrk\cyrchar\cyro\cyrchar\cyrv, \cyrchar\CYRA\cyrchar\cyrl\cyrchar\cyre\cyrchar\cyrk\cyrchar\cyrs\cyrchar\cyre\cyrchar\cyrishrt{} \cyrchar\CYRYU\cyrchar\cyrr\cyrchar\cyrsftsn\cyrchar\cyre\cyrchar\cyrv\cyrchar\cyri\cyrchar\cyrch{}},
  year = {2011},
  file = {C\:\\Users\\1\\Zotero\\storage\\TP6PLVBJ\\Ощепков - 2011 - Что влияет на отдачу от образования межрегиональн.pdf}
}

@article{carnoy_005._2012,
  title = {005. {{The}} Economic Returns to Higher Education in the {{BRIC}} Countries and Their Implications for Higher Education Expansion},
  volume = {2},
  journal = {Higher School of Economics Research Paper No. WP BRP},
  author = {Carnoy, Martin and Loyalka, Prashant Kumar and Androushchak, Greg V. and Proudnikova, Anna},
  year = {2012},
  file = {C\:\\Users\\1\\Zotero\\storage\\Z4XXPBT2\\Carnoy и др. - 2012 - The economic returns to higher education in the BR.pdf}
}

@article{belskaya_001._2014,
  title = {001. {{College}} Expansion and the Marginal Returns to Education: {{Evidence}} from {{Russia}}},
  shorttitle = {College Expansion and the Marginal Returns to Education},
  author = {Belskaya, Olga and Sabirianova Peter, Klara and Posso, Christian},
  year = {2014},
  file = {C\:\\Users\\1\\Zotero\\storage\\K8S9VP7V\\Belskaya и др. - 2014 - College expansion and the marginal returns to education in Russia Econstor IZA WP 2014.pdf}
}

@article{_026._2016,
  title = {026. {{\cyrchar\CYRU\cyrchar\cyrch\cyrchar\cyri\cyrchar\cyrs\cyrchar\cyrsftsn}}, \cyrchar\CYRS\cyrchar\cyrt\cyrchar\cyru\cyrchar\cyrd\cyrchar\cyre\cyrchar\cyrn\cyrchar\cyrt{}? {{\cyrchar\CYRV\cyrchar\cyrl\cyrchar\cyri\cyrchar\cyrya\cyrchar\cyrn\cyrchar\cyri\cyrchar\cyre}} \cyrchar\CYRU\cyrchar\cyrs\cyrchar\cyrp\cyrchar\cyre\cyrchar\cyrv\cyrchar\cyra\cyrchar\cyre\cyrchar\cyrm\cyrchar\cyro\cyrchar\cyrs\cyrchar\cyrt\cyrchar\cyri{} \cyrchar\cyrv{} \cyrchar\CYRV\cyrchar\cyru\cyrchar\cyrz\cyrchar\cyre{} \cyrchar\CYRN\cyrchar\cyra{} \cyrchar\CYRS\cyrchar\cyrt\cyrchar\cyra\cyrchar\cyrr\cyrchar\cyrt\cyrchar\cyro\cyrchar\cyrv\cyrchar\cyru\cyrchar\cyryu{} \cyrchar\CYRZ\cyrchar\cyra\cyrchar\cyrr\cyrchar\cyra\cyrchar\cyrb\cyrchar\cyro\cyrchar\cyrt\cyrchar\cyrn\cyrchar\cyru\cyrchar\cyryu{} \cyrchar\CYRP\cyrchar\cyrl\cyrchar\cyra\cyrchar\cyrt\cyrchar\cyru{} \cyrchar\CYRV\cyrchar\cyrery\cyrchar\cyrp\cyrchar\cyru\cyrchar\cyrs\cyrchar\cyrk\cyrchar\cyrn\cyrchar\cyri\cyrchar\cyrk\cyrchar\cyro\cyrchar\cyrv{}},
  shorttitle = {\cyrchar\CYRU\cyrchar\cyrch\cyrchar\cyri\cyrchar\cyrs\cyrchar\cyrsftsn, \cyrchar\CYRS\cyrchar\cyrt\cyrchar\cyru\cyrchar\cyrd\cyrchar\cyre\cyrchar\cyrn\cyrchar\cyrt{}?},
  number = {3},
  journal = {\cyrchar\CYRV\cyrchar\cyro\cyrchar\cyrp\cyrchar\cyrr\cyrchar\cyro\cyrchar\cyrs\cyrchar\cyrery{} \cyrchar\cyrerev\cyrchar\cyrk\cyrchar\cyro\cyrchar\cyrn\cyrchar\cyro\cyrchar\cyrm\cyrchar\cyri\cyrchar\cyrk\cyrchar\cyri{}},
  author = {\cyrchar\CYRR\cyrchar\cyru\cyrchar\cyrd\cyrchar\cyra\cyrchar\cyrk\cyrchar\cyro\cyrchar\cyrv, \cyrchar\CYRV\cyrchar\cyri\cyrchar\cyrk\cyrchar\cyrt\cyrchar\cyro\cyrchar\cyrr{} \cyrchar\CYRN\cyrchar\cyri\cyrchar\cyrk\cyrchar\cyro\cyrchar\cyrl\cyrchar\cyra\cyrchar\cyre\cyrchar\cyrv\cyrchar\cyri\cyrchar\cyrch{} and \cyrchar\CYRCH\cyrchar\cyri\cyrchar\cyrr\cyrchar\cyri\cyrchar\cyrk\cyrchar\cyro\cyrchar\cyrv, \cyrchar\CYRI\cyrchar\cyrg\cyrchar\cyro\cyrchar\cyrr\cyrchar\cyrsftsn{} \cyrchar\CYRS\cyrchar\cyre\cyrchar\cyrr\cyrchar\cyrg\cyrchar\cyre\cyrchar\cyre\cyrchar\cyrv\cyrchar\cyri\cyrchar\cyrch{} and \cyrchar\CYRR\cyrchar\cyro\cyrchar\cyrshch\cyrchar\cyri\cyrchar\cyrn, \cyrchar\CYRS\cyrchar\cyre\cyrchar\cyrr\cyrchar\cyrg\cyrchar\cyre\cyrchar\cyrishrt{} \cyrchar\CYRYU\cyrchar\cyrr\cyrchar\cyrsftsn\cyrchar\cyre\cyrchar\cyrv\cyrchar\cyri\cyrchar\cyrch{} and \cyrchar\CYRD\cyrchar\cyrr\cyrchar\cyro\cyrchar\cyrzh\cyrchar\cyrzh\cyrchar\cyri\cyrchar\cyrn\cyrchar\cyra, \cyrchar\CYRD\cyrchar\cyra\cyrchar\cyrr\cyrchar\cyrsftsn\cyrchar\cyrya{} \cyrchar\CYRS\cyrchar\cyre\cyrchar\cyrr\cyrchar\cyrg\cyrchar\cyre\cyrchar\cyre\cyrchar\cyrv\cyrchar\cyrn\cyrchar\cyra{}},
  year = {2016},
  pages = {77--102},
  file = {C\:\\Users\\1\\Zotero\\storage\\7M6NAW9E\\Рудаков и др. - 2017 - Учись, студент Влияние успеваемости в вузе на ста.pdf}
}

@article{prakhov_017a._2017,
  title = {017a. {{The Determinants}} of {{Expected Returns}} to {{Higher Education}} in {{Moscow}}},
  number = {1 (eng)},
  journal = {\cyrchar\CYRV\cyrchar\cyro\cyrchar\cyrp\cyrchar\cyrr\cyrchar\cyro\cyrchar\cyrs\cyrchar\cyrery{} \cyrchar\cyro\cyrchar\cyrb\cyrchar\cyrr\cyrchar\cyra\cyrchar\cyrz\cyrchar\cyro\cyrchar\cyrv\cyrchar\cyra\cyrchar\cyrn\cyrchar\cyri\cyrchar\cyrya{}},
  author = {Prakhov, Ilya},
  year = {2017},
  file = {C\:\\Users\\1\\Zotero\\storage\\LCID6NL6\\Prakhov - 2017 - The Determinants of Expected Returns to Higher Edu.pdf}
}

@incollection{_022._2017,
  title = {022. {{\cyrchar\CYRV\cyrchar\cyrn\cyrchar\cyru\cyrchar\cyrt\cyrchar\cyrr\cyrchar\cyre\cyrchar\cyrn\cyrchar\cyrn\cyrchar\cyrya\cyrchar\cyrya}} \cyrchar\CYRN\cyrchar\cyro\cyrchar\cyrr\cyrchar\cyrm\cyrchar\cyra{} \cyrchar\CYRO\cyrchar\cyrt\cyrchar\cyrd\cyrchar\cyra\cyrchar\cyrch\cyrchar\cyri{} \cyrchar\CYRO\cyrchar\cyrt{} \cyrchar\CYRS\cyrchar\cyrr\cyrchar\cyre\cyrchar\cyrd\cyrchar\cyrn\cyrchar\cyre\cyrchar\cyrg\cyrchar\cyro{} \cyrchar\CYRP\cyrchar\cyrr\cyrchar\cyro\cyrchar\cyrf\cyrchar\cyre\cyrchar\cyrs\cyrchar\cyrs\cyrchar\cyri\cyrchar\cyro\cyrchar\cyrn\cyrchar\cyra\cyrchar\cyrl\cyrchar\cyrsftsn\cyrchar\cyrn\cyrchar\cyro\cyrchar\cyrg\cyrchar\cyro{} \cyrchar\cyri{} \cyrchar\CYRV\cyrchar\cyrery\cyrchar\cyrs\cyrchar\cyrsh\cyrchar\cyre\cyrchar\cyrg\cyrchar\cyro{} \cyrchar\CYRO\cyrchar\cyrb\cyrchar\cyrr\cyrchar\cyra\cyrchar\cyrz\cyrchar\cyro\cyrchar\cyrv\cyrchar\cyra\cyrchar\cyrn\cyrchar\cyri\cyrchar\cyrya{} \cyrchar\cyrv{} {{\cyrchar\CYRR\cyrchar\cyro\cyrchar\cyrs\cyrchar\cyrs\cyrchar\cyri\cyrchar\cyri}}},
  booktitle = {\cyrchar\CYRT\cyrchar\cyrr\cyrchar\cyru\cyrchar\cyrd{} \cyrchar\cyri{} \cyrchar\CYRO\cyrchar\cyrb\cyrchar\cyrshch\cyrchar\cyre\cyrchar\cyrs\cyrchar\cyrt\cyrchar\cyrv\cyrchar\cyro{} \cyrchar\cyrv{} \cyrchar\CYRR\cyrchar\cyre\cyrchar\cyra\cyrchar\cyrl\cyrchar\cyri\cyrchar\cyrya\cyrchar\cyrh{} {{XXI}} \cyrchar\CYRV\cyrchar\cyre\cyrchar\cyrk\cyrchar\cyra{}},
  author = {\cyrchar\CYRB\cyrchar\cyro\cyrchar\cyrr\cyrchar\cyri\cyrchar\cyrs\cyrchar\cyro\cyrchar\cyrv, \cyrchar\CYRG\cyrchar\cyrl\cyrchar\cyre\cyrchar\cyrb{} \cyrchar\CYRV\cyrchar\cyrl\cyrchar\cyra\cyrchar\cyrd\cyrchar\cyri\cyrchar\cyrm\cyrchar\cyri\cyrchar\cyrr\cyrchar\cyro\cyrchar\cyrv\cyrchar\cyri\cyrchar\cyrch{}},
  year = {2017},
  pages = {170--176},
  file = {C\:\\Users\\1\\Zotero\\storage\\3IMGGL8W\\Борисов - 2017 - Внутренняя норма отдачи от среднего профессиональн.pdf}
}

@article{kim_014._2019,
  title = {014. {{Returns}} to Women's Education Using Optimal {{IV}} Selection},
  volume = {51},
  number = {8},
  journal = {Applied Economics},
  author = {Kim, Jun Sung and Jiang, Bin and Li, Chuhui and Yang, Hee-Seung},
  year = {2019},
  pages = {815--830},
  file = {C\:\\Users\\1\\Zotero\\storage\\6WMR4RB4\\Kim и др. - 2019 - Returns to women’s education using optimal IV sele.pdf}
}

@article{heckman_012._2015,
  title = {012. {{The}} Causal Effects of Education on Earnings and Health},
  journal = {Unpublished manuscript, Department of Economics, University of Chicago},
  author = {Heckman, James J. and Humphries, John Eric and Veramendi, Gregory},
  year = {2015},
  file = {C\:\\Users\\1\\Zotero\\storage\\SS9KZTLL\\Heckman и др. - 2015 - The causal effects of education on earnings and he.pdf}
}

@article{oshchepkov_016._2018,
  title = {016. {{What Drives Returns}} to {{Higher Education}}: {{Evidence}} from {{Russian Regions}}},
  shorttitle = {What {{Drives Returns}} to {{Higher Education}}},
  author = {Oshchepkov, Aleksey},
  year = {2018},
  file = {C\:\\Users\\1\\Zotero\\storage\\JG7ZXCJE\\Oshchepkov - 2018 - What Drives Returns to Higher Education Evidence .pdf}
}

@article{prakhov_017b._2019,
  title = {017b. {{The Determinants Of Expected Returns On Higher Education In Russia}}: {{A Human Capital Theory Perspective}}},
  volume = {50},
  shorttitle = {The {{Determinants Of Expected Returns On Higher Education In Russia}}},
  journal = {Higher School of Economics Research Paper No. WP BRP},
  author = {Prakhov, Ilya},
  year = {2019},
  file = {C\:\\Users\\1\\Zotero\\storage\\5AMS3N65\\Prakhov - 2019 - The Determinants Of Expected Returns On Higher Edu.pdf}
}

@article{graeser_011._1988,
  title = {011. {{Human Capital}} in a {{Centrally Planned Economy}}: {{Evidence}}},
  volume = {41},
  issn = {0023-5962, 1467-6435},
  shorttitle = {Human {{Capital}} in a {{Centrally Planned Economy}}},
  language = {en},
  number = {1},
  journal = {Kyklos},
  doi = {10.1111/j.1467-6435.1988.tb02298.x},
  author = {Graeser, Paul},
  month = feb,
  year = {1988},
  pages = {75-98},
  file = {C\:\\Users\\1\\Zotero\\storage\\CKMZGBM9\\Graeser - 1988 - Human Capital in a Centrally Planned Economy Evid.pdf}
}

@article{munich_015._2005,
  title = {015. {{Returns}} to {{Human Capital Under The Communist Wage Grid}} and {{During}} the {{Transition}} to a {{Market Economy}}},
  volume = {87},
  issn = {0034-6535, 1530-9142},
  language = {en},
  number = {1},
  journal = {Review of Economics and Statistics},
  doi = {10.1162/0034653053327559},
  author = {M{\"u}nich, Daniel and Svejnar, Jan and Terrell, Katherine},
  month = feb,
  year = {2005},
  pages = {100-123},
  file = {C\:\\Users\\1\\Zotero\\storage\\2A4WXGNX\\Münich и др. - 2005 - Returns to Human Capital Under The Communist Wage .pdf}
}

@article{broecke_004._2015,
  title = {004. {{Experience}} and the Returns to Education and Skill in {{OECD}} Countries},
  volume = {2015},
  number = {1},
  journal = {OECD Journal: Economic Studies},
  author = {Broecke, Stijn},
  year = {2015},
  pages = {123--147},
  file = {C\:\\Users\\1\\Zotero\\storage\\4NBKXPXX\\Broecke Experience and Return to Education and Skill in OECD Countries OECD 2015.pdf}
}

@article{fleisher_009._2005,
  title = {009. {{Returns}} to Skills and the Speed of Reforms: {{Evidence}} from {{Central}} and {{Eastern Europe}}, {{China}}, and {{Russia}}},
  volume = {33},
  issn = {01475967},
  shorttitle = {Returns to Skills and the Speed of Reforms},
  language = {en},
  number = {2},
  journal = {Journal of Comparative Economics},
  doi = {10.1016/j.jce.2005.03.003},
  author = {Fleisher, Belton M. and Sabirianova, Klara and Wang, Xiaojun},
  month = jun,
  year = {2005},
  pages = {351-370},
  file = {C\:\\Users\\1\\Zotero\\storage\\952AJWS2\\Fleisher и др. - 2005 - Returns to skills and the speed of reforms Eviden.pdf}
}

@article{_021._2010,
  title = {021. {{\cyrchar\CYRO\cyrchar\cyrzh\cyrchar\cyri\cyrchar\cyrd\cyrchar\cyra\cyrchar\cyre\cyrchar\cyrm\cyrchar\cyrery\cyrchar\cyre}} \cyrchar\CYRD\cyrchar\cyro\cyrchar\cyrh\cyrchar\cyro\cyrchar\cyrd\cyrchar\cyrery{} \cyrchar\CYRA\cyrchar\cyrb\cyrchar\cyri\cyrchar\cyrt\cyrchar\cyru\cyrchar\cyrr\cyrchar\cyri\cyrchar\cyre\cyrchar\cyrn\cyrchar\cyrt\cyrchar\cyro\cyrchar\cyrv{} \cyrchar\CYRR\cyrchar\cyro\cyrchar\cyrs\cyrchar\cyrs\cyrchar\cyri\cyrchar\cyrishrt\cyrchar\cyrs\cyrchar\cyrk\cyrchar\cyri\cyrchar\cyrh{} \cyrchar\CYRV\cyrchar\cyru\cyrchar\cyrz\cyrchar\cyro\cyrchar\cyrv{}},
  number = {2},
  journal = {\cyrchar\CYRV\cyrchar\cyro\cyrchar\cyrp\cyrchar\cyrr\cyrchar\cyro\cyrchar\cyrs\cyrchar\cyrery{} \cyrchar\cyro\cyrchar\cyrb\cyrchar\cyrr\cyrchar\cyra\cyrchar\cyrz\cyrchar\cyro\cyrchar\cyrv\cyrchar\cyra\cyrchar\cyrn\cyrchar\cyri\cyrchar\cyrya{}},
  author = {\cyrchar\CYRA\cyrchar\cyrn\cyrchar\cyrd\cyrchar\cyrr\cyrchar\cyru\cyrchar\cyrshch\cyrchar\cyra\cyrchar\cyrk, \cyrchar\CYRG\cyrchar\cyrr\cyrchar\cyri\cyrchar\cyrg\cyrchar\cyro\cyrchar\cyrr\cyrchar\cyri\cyrchar\cyrishrt{} \cyrchar\CYRV\cyrchar\cyri\cyrchar\cyrk\cyrchar\cyrt\cyrchar\cyro\cyrchar\cyrr\cyrchar\cyro\cyrchar\cyrv\cyrchar\cyri\cyrchar\cyrch{} and \cyrchar\CYRN\cyrchar\cyra\cyrchar\cyrt\cyrchar\cyrh\cyrchar\cyro\cyrchar\cyrv, \cyrchar\CYRT\cyrchar\cyri\cyrchar\cyrm\cyrchar\cyru\cyrchar\cyrr{} \cyrchar\CYRV\cyrchar\cyrl\cyrchar\cyra\cyrchar\cyrd\cyrchar\cyri\cyrchar\cyrm\cyrchar\cyri\cyrchar\cyrr\cyrchar\cyro\cyrchar\cyrv\cyrchar\cyri\cyrchar\cyrch{}},
  year = {2010},
  file = {C\:\\Users\\1\\Zotero\\storage\\2YJSD7X6\\Андрущак и Натхов - ОЖИДАЕМыЕ ДОХОДы АБИТУРИЕНТОВ РОССИйСКИХ ВУЗОВ.ru.en.pdf;C\:\\Users\\1\\Zotero\\storage\\ALQXVUIF\\Андрущак and Натхов - 2010 - 021. Ожидаемые доходы абитуриентов российских вузо.pdf}
}

@book{oecd_education_2018,
  title = {Education at a {{Glance}} 2018 {{OECD Indicators}}:},
  isbn = {978-92-64-30339-3},
  shorttitle = {Education at a {{Glance}} 2018 {{OECD Indicators}}},
  abstract = {Education at a Glance: OECD Indicators is the authoritative source for information on the state of education around the world. It provides data on the structure, finances and performance of education systems in the 35 OECD and a number of partner countries. With more than 100 charts and tables, Education at a Glance 2018 imparts key information on the output of educational institutions, the impact of learning across countries, and worldwide access, participation and progression in education. It also investigates the financial resources invested in education, as well as teachers, the learning environment and the organisation of schools. The 2018 edition presents a new focus on equity in education, investigating how progress through education and the associated learning and labour market outcomes are impacted by dimensions such as gender, the educational attainment of parents, immigrant background, and regional location. The publication introduces a chapter dedicated to Target 4.5 of Sustainable Development Goal 4 on equity in education, providing an assessment of where OECD and partner countries stand in providing equal access to quality education at all levels. Finally, new indicators are introduced on equity in entry to and graduation from tertiary education, and the levels of decision-making in education systems. New data are also available on the statutory and actual salaries of school heads, as well as trend data on expenditure on early childhood education and care and the enrolment of children in all registered early childhood education and care settings. More data are available on the OECD educational database.},
  language = {en},
  publisher = {{OECD Publishing}},
  author = {OECD},
  month = sep,
  year = {2018},
  file = {C\:\\Users\\1\\Zotero\\storage\\YG3M2PNE\\OECD - 2018 - Education at a Glance 2018 OECD Indicators.pdf}
}

@book{oecd_education_2017,
  title = {Education at a {{Glance}} 2017 {{OECD Indicators}}},
  isbn = {978-92-64-27983-4},
  shorttitle = {Education at a {{Glance}} 2017 {{OECD Indicators}}},
  abstract = {Education at a Glance: OECD Indicators is the authoritative source for information on the state of education around the world. With more than 125 charts and 145 tables included in the publication and much more data available on the educational database, Education at a Glance 2017 provides key information on the output of educational institutions; the impact of learning across countries; the financial and human resources invested in education; access, participation and progression in education; and the learning environment and organisation of schools. The 2017 edition presents a new focus on fields of study, investigating both trends in enrolment at upper secondary and tertiary level, student mobility, and labour market outcomes of the qualifications obtained in these fields. The publication also introduces for the first time a full chapter dedicated to the Sustainable Development Goals, providing an assessment of where OECD and partner countries stand on their way to meeting the SDG targets. Finally, two new indicators are developed and analysed in the context of participation and progress in education: an indicator on the completion rate of upper secondary students and an indicator on admission processes to higher education. The report covers all 35 OECD countries and a number of partner countries (Argentina, Brazil, China, Colombia, Costa Rica, India, Indonesia, Lithuania, the Russian Federation, Saudi Arabia and South Africa). The ExcelTM spreadsheets used to create the tables and charts in Education at a Glance are available via the StatLinks provided throughout the publication.},
  language = {en},
  publisher = {{OECD Publishing}},
  author = {OECD},
  month = sep,
  year = {2017},
  file = {C\:\\Users\\1\\Zotero\\storage\\BM3HKTNQ\\OECD - 2017 - Education at a Glance 2017 OECD Indicators.pdf}
}

@article{gerry_027._2015,
  title = {027. {{Sample}} Attrition in the {{RLMS}}, 2001\textendash{}10: {{Lessons}} for Longitudinal Analysis and an Application in Health},
  volume = {23},
  number = {2},
  journal = {Economics of Transition},
  author = {Gerry, Christopher J. and Papadopoulos, Georgios},
  year = {2015},
  pages = {425-468},
  file = {C\:\\Users\\1\\Zotero\\storage\\IN36TDRG\\Gerry and Papadopoulos Sample Attrition in RLMS 2001-2011 and Application to Health Economics of Transition 2015.pdf}
}

@misc{university_world_news_020._2019,
  title = {020. {{Demand}} for Higher Education in Steady Decline \textendash{} {{Survey}}},
  abstract = {The Global Window on Higher Education},
  journal = {University World News},
  howpublished = {https://www.universityworldnews.com/post.php?story=20190723081956122},
  author = {University World News},
  year = {2019}
}

@article{psacharopoulos_018b._2018,
  title = {018b. {{Returns}} to Investment in Education: A Decennial Review of the Global Literature},
  volume = {26},
  issn = {0964-5292, 1469-5782},
  shorttitle = {Returns to Investment in Education},
  language = {en},
  number = {5},
  journal = {Education Economics},
  doi = {10.1080/09645292.2018.1484426},
  author = {Psacharopoulos, George and Patrinos, Harry Anthony},
  month = sep,
  year = {2018},
  pages = {445-458},
  file = {C\:\\Users\\1\\Zotero\\storage\\FLYUMH29\\Psacharopoulos and Patrinos - 2018 - 018b. Returns to investment in education a decenn.pdf}
}

@article{flabbi_008._2008,
  title = {008. {{Returns}} to Education in the Economic Transition: {{A}} Systematic Assessment Using Comparable Data},
  volume = {27},
  issn = {0272-7757},
  shorttitle = {Returns to Education in the Economic Transition},
  abstract = {This paper studies a sample of economies in transition to verify the assertion that returns to schooling increase as an economy transitions to a market environment. This claim has been difficult to assess in the past as the empirical evidence so far has covered only a few countries over short time periods. A number of studies find that returns to education increased from the ``pre-transition'' period to the ``early transition'' period; it is not clear what has happened to the skills premium through the late 1990s, or the period thereafter. We implement a more systematic analysis using data comparable across countries and over time to estimate returns to schooling in eight transition economies (Bulgaria, Czech Republic, Hungary, Latvia, Poland, Russia, Slovak Republic and Slovenia). The analysis covers the early transition period up to 2002; in the case of Hungary, we capture the transition process more fully, beginning in the late 1980s. Compared to the existing literature, we also implement more comprehensive robustness checks on the estimated returns, although at best we offer only an incomplete solution to the problem of endogeneity. We find that the evidence of a rising trend in returns to schooling over the transition period is weak. There are, however, significant differences in returns across countries. These differentials have remained roughly constant over the last 15 years. We speculate on the likely institutional and structural factors underpinning these results.},
  number = {6},
  journal = {Economics of Education Review},
  doi = {10.1016/j.econedurev.2007.09.011},
  author = {Flabbi, Luca and Paternostro, Stefano and Tiongson, Erwin R.},
  month = dec,
  year = {2008},
  keywords = {Returns to schooling,Transition economies},
  pages = {724-740},
  file = {C\:\\Users\\1\\Zotero\\storage\\ZGM76W3K\\Flabbi et al Returns to Ed in economic transition Ec of Ed Rev 2008.pdf}
}

@article{mcguinness_028._2009,
  title = {028. {{Changes}} in the Returns to Schooling 1991\textendash{}2002: Evidence from the {{British Household Panel Survey}}},
  volume = {17},
  number = {2},
  journal = {Education Economics},
  author = {McGuinness, Seamus and Bennett, Jessica},
  year = {2009},
  pages = {167-184},
  file = {C\:\\Users\\1\\Zotero\\storage\\IGZ62D6V\\McGuinness and Bennett - 2009 - 028. Changes in the returns to schooling 1991–2002.pdf}
}

@misc{world_bank_042._2006,
  title = {042. {{Beyond Transition WB Newsletter}} Focus on Education; Incl. Papers on Returns to Education in {{Russia}}},
  author = {World Bank},
  year = {July-September 2006},
  file = {C\:\\Users\\1\\Zotero\\storage\\X9I36G8Z\\2006 - Beyond Transition WB Newsletter fpcos on education.pdf;C\:\\Users\\1\\Zotero\\storage\\XMAYEY5Q\\Beyond Transition World Bank Newsletter September 2006 RU.pdf}
}

@article{demmou_043._2015,
  title = {043. {{Boosting Productivity}} in {{Russia}}},
  author = {Demmou, Lilas and W{\"o}rg{\"o}tter, Andreas},
  year = {2015},
  file = {C\:\\Users\\1\\Zotero\\storage\\9X4K2B44\\Demmou and Wörgötter - 2015 - Boosting Productivity in Russia.pdf}
}

@article{kyui_041._2010,
  title = {041. {{Returns}} to {{Education}} and {{Education}}-{{Occupation Mismatch}} within a {{Transition Economy}}. {{Empirical Analysis}} for the {{Russian Federation}}},
  author = {Kyui, Natalia},
  year = {2010},
  file = {C\:\\Users\\1\\Zotero\\storage\\M876S8S5\\Kyui - 2010 - Returns to Education and Education-Occupation Mism.pdf}
}

@article{kyui_040._2016,
  title = {040. {{Expansion}} of Higher Education, Employment and Wages: {{Evidence}} from the {{Russian Transition}}},
  volume = {39},
  journal = {Labour Economics},
  author = {Kyui, Natalia},
  year = {2016},
  pages = {68-87},
  file = {C\:\\Users\\1\\Zotero\\storage\\HYLRUQ9J\\Natalia Kyui HE EXPANSION AND WAGES IN RUSSIA Labor Economics 2016 TECHNICAL APPENDIX.pdf;C\:\\Users\\1\\Zotero\\storage\\L9CDQBFQ\\Kyui - 2016 - Expansion of higher education, employment and wage.pdf}
}

@techreport{world_bank_039._2019,
  title = {039. {{How Wealthy}} Is {{Russia}}? {{Measuring Russia}}'s {{Comparative Wealth}} from 2000-2017},
  author = {World Bank},
  month = jul,
  year = {2019},
  file = {C\:\\Users\\1\\Zotero\\storage\\Y8D7XEYB\\Russia Comprehensive Wealth of the Nation WB July 2018.docx}
}

@article{borisov_038._2019,
  title = {038. {{Intergenerational Earnings Mobility}} in {{Post}}-{{Soviet Russia}}},
  journal = {Economica},
  author = {Borisov, Gleb V. and Pissarides, Christopher A.},
  year = {2019},
  file = {C\:\\Users\\1\\Zotero\\storage\\9HB8A9PX\\Borisov and Pissarides - 2019 - Intergenerational Earnings Mobility in Post‐Soviet.pdf}
}

@book{calvo_037._2015,
  title = {037. {{A}} Decade of Declining Earnings Inequality in the {{Russian Federation}}},
  isbn = {1813-9450},
  publisher = {{The World Bank}},
  author = {Calvo, Paula Andrea and {L{\'o}pez-Calva}, Luis Felipe and Posadas, Josefina},
  year = {2015},
  file = {C\:\\Users\\1\\Zotero\\storage\\HUNWJPKT\\Calvo et al. - 2015 - A decade of declining earnings inequality in the R.pdf}
}

@article{muravyev_036b._2008,
  title = {036b. {{Human}} Capital Externalities {{Evidence}} from the Transition Economy of {{Russia}} 1},
  volume = {16},
  number = {3},
  journal = {Economics of Transition},
  author = {Muravyev, Alexander},
  year = {2008},
  pages = {415-443},
  file = {C\:\\Users\\1\\Zotero\\storage\\NDQ5ZM4I\\Muravyev - 2008 - Human capital externalities Evidence from the tran.pdf}
}

@article{muravyev_036a._2006,
  title = {036a. {{Human}} Capital Externalities {{Evidence}} from the Transition Economy of {{Russia}} 1},
  journal = {Working Paper European University Institute Florence},
  author = {Muravyev, Alexander},
  year = {2006},
  file = {C\:\\Users\\1\\Zotero\\storage\\RYQ5CYAX\\Muravyev Human Capital Externalities - Russia EUI Florence WP 2006.pdf}
}

@article{vernon_035._2002,
  title = {035. {{Returns}} to Human Capital in Transitional {{Russia}}},
  journal = {Department of Economics, The University of Texas at Austin},
  author = {Vernon, V.},
  year = {2002},
  file = {C\:\\Users\\1\\Zotero\\storage\\XI9X64M8\\Konstantinova Vernon - 2002 - Returns to human capital in transitional Russia.pdf}
}

@article{kozyreva_034._2016,
  title = {034. {{Data}} Resource Profile: {{The Russia}} Longitudinal Monitoring {{Survey}}\textemdash{{Higher}} School of Economics ({{RLMS}}-{{HSE}}) Phase {{II}}: {{Monitoring}} the Economic and Health Situation in Russia, 1994\textendash{}2013},
  volume = {45},
  number = {2},
  journal = {International Journal of Epidemiology},
  author = {Kozyreva, Polina and Kosolapov, Mikhail and Popkin, Barry M.},
  year = {2016},
  pages = {395-401},
  file = {C\:\\Users\\1\\Zotero\\storage\\IUNCID4P\\Kozyreva et al. - 2016 - Data resource profile The Russia longitudinal mon.pdf}
}

@article{lukiyanova_033._2015,
  title = {033. {{Earnings}} Inequality and Informal Employment in {{Russia}}},
  volume = {23},
  number = {2},
  journal = {Economics of Transition},
  author = {Lukiyanova, Anna},
  year = {2015},
  pages = {469-516},
  file = {C\:\\Users\\1\\Zotero\\storage\\74B6GFA4\\Lukiyanova - 2015 - Earnings inequality and informal employment in Rus.pdf}
}

@book{_030._2019,
  title = {030. {{\cyrchar\CYRCH\cyrchar\cyre\cyrchar\cyrl\cyrchar\cyro\cyrchar\cyrv\cyrchar\cyre\cyrchar\cyrch\cyrchar\cyre\cyrchar\cyrs\cyrchar\cyrk\cyrchar\cyri\cyrchar\cyrishrt}} \cyrchar\CYRK\cyrchar\cyra\cyrchar\cyrp\cyrchar\cyri\cyrchar\cyrt\cyrchar\cyra\cyrchar\cyrl{} \cyrchar\cyrv{} \cyrchar\CYRU\cyrchar\cyrs\cyrchar\cyrl\cyrchar\cyro\cyrchar\cyrv\cyrchar\cyri\cyrchar\cyrya\cyrchar\cyrh{} \cyrchar\CYRI\cyrchar\cyrn\cyrchar\cyrt\cyrchar\cyre\cyrchar\cyrg\cyrchar\cyrr\cyrchar\cyra\cyrchar\cyrc\cyrchar\cyri\cyrchar\cyri{} \cyrchar\CYRO\cyrchar\cyrb\cyrchar\cyrr\cyrchar\cyra\cyrchar\cyrz\cyrchar\cyro\cyrchar\cyrv\cyrchar\cyra\cyrchar\cyrt\cyrchar\cyre\cyrchar\cyrl\cyrchar\cyrsftsn\cyrchar\cyrn\cyrchar\cyrery\cyrchar\cyrh{} \cyrchar\cyri{} \cyrchar\CYRP\cyrchar\cyrr\cyrchar\cyro\cyrchar\cyrf\cyrchar\cyre\cyrchar\cyrs\cyrchar\cyrs\cyrchar\cyri\cyrchar\cyro\cyrchar\cyrn\cyrchar\cyra\cyrchar\cyrl\cyrchar\cyrsftsn\cyrchar\cyrn\cyrchar\cyrery\cyrchar\cyrh{} \cyrchar\CYRS\cyrchar\cyrt\cyrchar\cyra\cyrchar\cyrn\cyrchar\cyrd\cyrchar\cyra\cyrchar\cyrr\cyrchar\cyrt\cyrchar\cyro\cyrchar\cyrv{}},
  isbn = {5-7944-2960-7},
  publisher = {{\cyrchar\CYRP\cyrchar\cyre\cyrchar\cyrr\cyrchar\cyrm\cyrchar\cyrs\cyrchar\cyrk\cyrchar\cyri\cyrchar\cyrishrt{} \cyrchar\cyrg\cyrchar\cyro\cyrchar\cyrs\cyrchar\cyru\cyrchar\cyrd\cyrchar\cyra\cyrchar\cyrr\cyrchar\cyrs\cyrchar\cyrt\cyrchar\cyrv\cyrchar\cyre\cyrchar\cyrn\cyrchar\cyrn\cyrchar\cyrery\cyrchar\cyrishrt{} \cyrchar\cyrn\cyrchar\cyra\cyrchar\cyrc\cyrchar\cyri\cyrchar\cyro\cyrchar\cyrn\cyrchar\cyra\cyrchar\cyrl\cyrchar\cyrsftsn\cyrchar\cyrn\cyrchar\cyrery\cyrchar\cyrishrt{} \cyrchar\cyri\cyrchar\cyrs\cyrchar\cyrs\cyrchar\cyrl\cyrchar\cyre\cyrchar\cyrd\cyrchar\cyro\cyrchar\cyrv\cyrchar\cyra\cyrchar\cyrt\cyrchar\cyre\cyrchar\cyrl\cyrchar\cyrsftsn\cyrchar\cyrs\cyrchar\cyrk\cyrchar\cyri\cyrchar\cyrishrt{} \cyrchar\cyru\cyrchar\cyrn\cyrchar\cyri\cyrchar\cyrv\cyrchar\cyre\cyrchar\cyrr\cyrchar\cyrs\cyrchar\cyri\cyrchar\cyrt\cyrchar\cyre\cyrchar\cyrt}},
  author = {\cyrchar\CYRK\cyrchar\cyre\cyrchar\cyrl\cyrchar\cyrsftsn\cyrchar\cyrch\cyrchar\cyre\cyrchar\cyrv\cyrchar\cyrs\cyrchar\cyrk\cyrchar\cyra\cyrchar\cyrya, \cyrchar\CYRN\cyrchar\cyra\cyrchar\cyrt\cyrchar\cyra\cyrchar\cyrl\cyrchar\cyrsftsn\cyrchar\cyrya{} \cyrchar\CYRR\cyrchar\cyrerev\cyrchar\cyrm\cyrchar\cyro\cyrchar\cyrv\cyrchar\cyrn\cyrchar\cyra{} and \cyrchar\CYRCH\cyrchar\cyre\cyrchar\cyrr\cyrchar\cyrn\cyrchar\cyre\cyrchar\cyrn\cyrchar\cyrk\cyrchar\cyro, \cyrchar\CYRI\cyrchar\cyrl\cyrchar\cyrsftsn\cyrchar\cyrya{} \cyrchar\CYRM\cyrchar\cyri\cyrchar\cyrh\cyrchar\cyra\cyrchar\cyrishrt\cyrchar\cyrl\cyrchar\cyro\cyrchar\cyrv\cyrchar\cyri\cyrchar\cyrch{} and \cyrchar\CYRSH\cyrchar\cyri\cyrchar\cyrr\cyrchar\cyri\cyrchar\cyrn\cyrchar\cyrk\cyrchar\cyri\cyrchar\cyrn\cyrchar\cyra, \cyrchar\CYRE\cyrchar\cyrl\cyrchar\cyre\cyrchar\cyrn\cyrchar\cyra{} \cyrchar\CYRV\cyrchar\cyri\cyrchar\cyrk\cyrchar\cyrt\cyrchar\cyro\cyrchar\cyrr\cyrchar\cyro\cyrchar\cyrv\cyrchar\cyrn\cyrchar\cyra{}},
  year = {2019},
  file = {C\:\\Users\\1\\Zotero\\storage\\8D4DJVLX\\Кельчевская et al. - 2017 - 030. Человеческий капитал в условиях интеграции об.pdf;C\:\\Users\\1\\Zotero\\storage\\8MVAZNFS\\Kelchevskaya and Shirinkina Returns to Education by Region from RLMS reg Econ 2019 RU.ru.en.pdf}
}

@article{kozyreva_032._2015,
  title = {032. {{Economic Change}} in {{Russia}}: {{Twenty Years}} of the {{Russian Longitudinal Monitoring Survey}}},
  volume = {23},
  number = {2},
  journal = {Economics of Transition},
  author = {Kozyreva, Polina and Sabirianova Peter, Klara},
  year = {2015},
  pages = {293-298},
  file = {C\:\\Users\\1\\Zotero\\storage\\6RF8YA39\\Kozyreva et al RLMS FOR 20 YEARS Intro to Special Ed Economics of Transition 2015.pdf}
}

@article{_031._2018,
  title = {031. {{\cyrchar\CYRCH\cyrchar\cyre\cyrchar\cyrl\cyrchar\cyro\cyrchar\cyrv\cyrchar\cyre\cyrchar\cyrch\cyrchar\cyre\cyrchar\cyrs\cyrchar\cyrk\cyrchar\cyri\cyrchar\cyrishrt}} \cyrchar\CYRK\cyrchar\cyra\cyrchar\cyrp\cyrchar\cyri\cyrchar\cyrt\cyrchar\cyra\cyrchar\cyrl{} \cyrchar\cyrv{} \cyrchar\CYRP\cyrchar\cyro\cyrchar\cyrs\cyrchar\cyrt{}-\cyrchar\CYRK\cyrchar\cyrr\cyrchar\cyri\cyrchar\cyrz\cyrchar\cyri\cyrchar\cyrs\cyrchar\cyrn\cyrchar\cyro\cyrchar\cyrishrt{} {{\cyrchar\CYRR\cyrchar\cyro\cyrchar\cyrs\cyrchar\cyrs\cyrchar\cyri\cyrchar\cyri}}: \cyrchar\CYRS\cyrchar\cyro\cyrchar\cyrs\cyrchar\cyrt\cyrchar\cyro\cyrchar\cyrya\cyrchar\cyrn\cyrchar\cyri\cyrchar\cyre{} \cyrchar\cyri{} \cyrchar\CYRO\cyrchar\cyrt\cyrchar\cyrd\cyrchar\cyra\cyrchar\cyrch\cyrchar\cyra{}},
  volume = {10},
  number = {2},
  journal = {Journal of Institutional Studies (\cyrchar\CYRZH\cyrchar\cyru\cyrchar\cyrr\cyrchar\cyrn\cyrchar\cyra\cyrchar\cyrl{} \cyrchar\cyri\cyrchar\cyrn\cyrchar\cyrs\cyrchar\cyrt\cyrchar\cyri\cyrchar\cyrt\cyrchar\cyru\cyrchar\cyrc\cyrchar\cyri\cyrchar\cyro\cyrchar\cyrn\cyrchar\cyra\cyrchar\cyrl\cyrchar\cyrsftsn\cyrchar\cyrn\cyrchar\cyrery\cyrchar\cyrh{} \cyrchar\cyri\cyrchar\cyrs\cyrchar\cyrs\cyrchar\cyrl\cyrchar\cyre\cyrchar\cyrd\cyrchar\cyro\cyrchar\cyrv\cyrchar\cyra\cyrchar\cyrn\cyrchar\cyri\cyrchar\cyrishrt{})},
  author = {\cyrchar\CYRA\cyrchar\cyrn\cyrchar\cyri\cyrchar\cyrk\cyrchar\cyri\cyrchar\cyrn, \cyrchar\CYRV\cyrchar\cyra\cyrchar\cyrs\cyrchar\cyri\cyrchar\cyrl\cyrchar\cyri\cyrchar\cyrishrt{} \cyrchar\CYRA\cyrchar\cyrl\cyrchar\cyre\cyrchar\cyrk\cyrchar\cyrs\cyrchar\cyra\cyrchar\cyrn\cyrchar\cyrd\cyrchar\cyrr\cyrchar\cyro\cyrchar\cyrv\cyrchar\cyri\cyrchar\cyrch{}},
  year = {2018},
  pages = {90-117},
  file = {C\:\\Users\\1\\Zotero\\storage\\NXX85U4U\\Anikin Human Capital in Post-Crisis Russia Jrl of Int. Studies 2018_RU.pdf;C\:\\Users\\1\\Zotero\\storage\\SS78TVDF\\Anikin Human Capital in Post-Crisis Russia Jrl of Int. Studies 2018_RU_EN.pdf}
}

@article{oshchepkov_029._2018,
  title = {029. {{Repeat}} of 016 {{Just Ignore}} ! {{What Drives Returns}} to {{Higher Education}}: {{Evidence}} from {{Russian Regions}}},
  author = {Oshchepkov, Aleksey},
  year = {2018}
}

@phdthesis{miles_044._2015,
  title = {044. {{Using}} Panel Data to Estimate the Returns to Schooling in {{South Africa}}},
  school = {University of Cape Town},
  author = {Miles, Caitlin Rose},
  year = {2015},
  file = {C\:\\Users\\1\\Zotero\\storage\\XUS26TMV\\Miles - 2015 - 044. Using panel data to estimate the returns to s.pdf}
}

@book{psacharopoulos_018a._2018,
  title = {018a. {{Returns}} to Investment in Education: A Decennial Review of the Global Literature},
  isbn = {1813-9450},
  publisher = {{The World Bank}},
  author = {Psacharopoulos, George and Patrinos, Harry Anthony},
  year = {2018},
  file = {C\:\\Users\\1\\Zotero\\storage\\BJQVGRIE\\Psacharopoulos and Patrinos - 2018 - 018a. Returns to investment in education a decenn.pdf}
}

@article{dudyrev_045._2018,
  title = {045. {{Employment}} of {{Vocational Graduates}}: {{Still}} a {{Slough}} or {{Already}} a {{Ford}}?},
  shorttitle = {Employment of {{Vocational Graduates}}},
  author = {Dudyrev, F. and Romanova, O. and Travkin, P.},
  year = {2018},
  file = {C\:\\Users\\1\\Zotero\\storage\\WD4VHJ56\\Dudyrev и др. - 2018 - Employment of Vocational Graduates Still a Slough.pdf}
}

@article{aksimova_046._2019,
  title = {046. {{The}} Return to Non-Cognitive Skills on the {{Russian}} Labor Market},
  author = {\cyrchar\CYRM{}aksimova, M. A.},
  year = {2019},
  file = {C\:\\Users\\1\\Zotero\\storage\\3FDLD7CT\\Мaksimova - 2019 - The return to non-cognitive skills on the Russian .pdf}
}

@article{rudakov_047._2019,
  title = {047. {{The Impact}} of {{Horizontal Job}}-{{Education Mismatches}} on the {{Earnings}} of {{Recent University Graduates}} in {{Russia}}},
  author = {Rudakov, Victor and Figueiredo, Hugo and Teixeira, Pedro and Roshchin, Sergey},
  year = {2019},
  file = {C\:\\Users\\1\\Zotero\\storage\\V6WBUZZC\\Rudakov и др. - 2019 - The Impact of Horizontal Job-Education Mismatches .pdf;C\:\\Users\\1\\Zotero\\storage\\F7NU7P9F\\papers.html}
}

@article{denisova_048._2007,
  title = {048. {{A}} Premium for a Degree in Engineering: {{An}} Estimation of Returns to the Field-Specific Education in {{Russia}}},
  shorttitle = {A Premium for a Degree in Engineering},
  number = {1},
  journal = {Prikladnaya ekonometrika= Applied Econometrics},
  author = {Denisova, I. A. and Kartseva, M. A.},
  year = {2007},
  pages = {30--57},
  file = {C\:\\Users\\1\\Zotero\\storage\\NZB8V5N6\\Denisova и Kartseva - 2007 - A premium for a degree in engineering An estimati.pdf}
}

@article{akay_049._2018,
  title = {049. {{Reexamining}} the Returns to Education and Wages in Turkey: Supervised Machine Learning Methods},
  shorttitle = {{{REEXAMINING THE RETURNS TO EDUCATION AND WAGES IN TURKEY}}},
  journal = {FINANCE \& ECONOMETRICS},
  author = {Akay, Ebru {\c C}a{\u g}layan and Astar, Melek and Topal, Kadriye Hilal},
  year = {2018},
  pages = {97},
  file = {C\:\\Users\\1\\Zotero\\storage\\FXXKDFYA\\Akay и др. - 2018 - REEXAMINING THE RETURNS TO EDUCATION AND WAGES IN .pdf;C\:\\Users\\1\\Zotero\\storage\\K2BHYG4R\\books.html}
}

@article{bakis_050._2013,
  title = {050. {{Quantile}} Estimates for Social Returns to Education in {{Turkey}}: 2006\textendash{}2009},
  volume = {5},
  shorttitle = {Quantile Estimates for Social Returns to Education in {{Turkey}}},
  number = {3},
  journal = {Middle East Development Journal},
  author = {Bakis, Ozan and Davutyan, Nurhan and Levent, Haluk and Polat, Sezgin},
  year = {2013},
  pages = {1350017--1},
  file = {C\:\\Users\\1\\Zotero\\storage\\5B8WUF8V\\Bakis и др. - 2013 - Quantile estimates for social returns to education.pdf;C\:\\Users\\1\\Zotero\\storage\\S5PJ64E8\\S179381201350017X.html}
}

@article{balestra_051._2017,
  title = {051. {{Heterogeneous}} Returns to Education over the Wage Distribution: {{Who}} Profits the Most?},
  volume = {44},
  shorttitle = {Heterogeneous Returns to Education over the Wage Distribution},
  journal = {Labour Economics},
  author = {Balestra, Simone and {Backes-Gellner}, Uschi},
  year = {2017},
  pages = {89--105},
  file = {C\:\\Users\\1\\Zotero\\storage\\S6TKJAPW\\Balestra и Backes-Gellner - 2017 - Heterogeneous returns to education over the wage d.pdf;C\:\\Users\\1\\Zotero\\storage\\V6ZIZP3P\\S0927537117300088.html}
}

@article{belloni_052._2011,
  title = {052. {{Lasso}} Methods for {{Gaussian}} Instrumental Variables Models},
  author = {Belloni, Alexandre and Chernozhukov, Victor and Hansen, Christian},
  year = {2011},
  file = {C\:\\Users\\1\\Zotero\\storage\\52D95ZJU\\Belloni и др. - 2011 - Lasso methods for Gaussian instrumental variables .pdf;C\:\\Users\\1\\Zotero\\storage\\LYJ258EZ\\papers.html}
}

@article{black_056._2009,
  title = {056. {{Earnings}} Functions When Wages and Prices Vary by Location},
  volume = {27},
  number = {1},
  journal = {Journal of Labor Economics},
  author = {Black, Dan and Kolesnikova, Natalia and Taylor, Lowell},
  year = {2009},
  pages = {21--47},
  file = {C\:\\Users\\1\\Zotero\\storage\\3HVNWH9H\\Black и др. - 2009 - Earnings functions when wages and prices vary by l.pdf;C\:\\Users\\1\\Zotero\\storage\\3A3EAZXT\\592950.html}
}

@phdthesis{miles_065._2015,
  type = {{{PhD Thesis}}},
  title = {065. {{Repeat}} of 044, {{Just Ignore}}! {{Using}} Panel Data to Estimate the Returns to Schooling in {{South Africa}}},
  school = {University of Cape Town},
  author = {Miles, Caitlin Rose},
  year = {2015},
  file = {C\:\\Users\\1\\Zotero\\storage\\NXI3Z7Q9\\Miles - 2015 - Using panel data to estimate the returns to school.pdf}
}

@article{carneiro_057._2011,
  title = {057. {{Estimating}} Marginal Returns to Education},
  volume = {101},
  number = {6},
  journal = {American Economic Review},
  author = {Carneiro, Pedro and Heckman, James J. and Vytlacil, Edward J.},
  year = {2011},
  pages = {2754--81},
  file = {C\:\\Users\\1\\Zotero\\storage\\FX3LTZ6X\\Carneiro и др. - 2011 - Estimating marginal returns to education.pdf}
}

@article{das_058._2017,
  title = {058. {{Micro}} Foundations of Earnings Differences},
  author = {Das, Tirthatanmoy and Polachek, Solomon W.},
  year = {2017},
  file = {C\:\\Users\\1\\Zotero\\storage\\DHRHLMNM\\Das и Polachek - 2017 - Micro foundations of earnings differences.pdf}
}

@article{delaney_063._2019,
  title = {063. {{Risk}}-Adjusted Returns to Education},
  volume = {27},
  number = {5},
  journal = {Education Economics},
  author = {Delaney, Judith M.},
  year = {2019},
  pages = {472--487},
  file = {C\:\\Users\\1\\Zotero\\storage\\23PTEW4T\\Delaney - 2019 - Risk-adjusted returns to education.pdf;C\:\\Users\\1\\Zotero\\storage\\XE2HIQMT\\Delaney Risk adjusted returns to education Ed Econ 2019.pdf}
}

@techreport{depalo_062._2017,
  title = {062. {{Return}} on Education around the {{European Union}}: A Reappraisal},
  shorttitle = {Return on Education around the {{European Union}}},
  institution = {{mimeo}},
  author = {Depalo, Domenico},
  year = {2017},
  file = {C\:\\Users\\1\\Zotero\\storage\\HD6M3KM3\\Depalo - 2017 - Return on education around the European Union a r.pdf}
}

@article{disney_055._1998,
  title = {055. {{Does}} It Pay to Work in the Public Sector?},
  volume = {19},
  number = {4},
  journal = {Fiscal Studies},
  author = {Disney, Richard and Gosling, Amanda},
  year = {1998},
  pages = {347--374},
  file = {C\:\\Users\\1\\Zotero\\storage\\H3RXU4VX\\Disney and Gosling - 1998 - 055. Does it pay to work in the public sector.pdf;C\:\\Users\\1\\Zotero\\storage\\USAK8CWB\\j.1475-5890.1998.tb00291.html}
}

@article{lobo_054._2018,
  title = {054. {{An}} Empirical Investigation of the Financial Value of a College Degree},
  volume = {26},
  number = {1},
  journal = {EDUCATION ECONOMICS},
  author = {Lobo, Bento J. and {Burke-Smalley}, Lisa A.},
  year = {2018},
  pages = {78--92},
  file = {C\:\\Users\\1\\Zotero\\storage\\EE5X6GUM\\Lobo и Burke-Smalley - 2018 - An empirical investigation of the financial value .pdf}
}

@article{mareckova_060._2017,
  title = {060. {{Noncognitive Skills}} and {{Labor Market Outcomes}}: {{A Machine Learning Approach}}},
  shorttitle = {Noncognitive {{Skills}} and {{Labor Market Outcomes}}},
  author = {Mareckova, Jana and Pohlmeier, Winfried},
  year = {2017},
  file = {C\:\\Users\\1\\Zotero\\storage\\UNEUVIRJ\\Mareckova и Pohlmeier - 2017 - Noncognitive Skills and Labor Market Outcomes A M.pdf}
}

@article{mariotti_061._2015,
  title = {061. {{Partial}} Identification and Bound Estimation of the Average Treatment Effect of Education on Earnings for {{South Africa}}},
  volume = {77},
  number = {2},
  journal = {Oxford Bulletin of Economics and Statistics},
  author = {Mariotti, Martine and Meinecke, Juergen},
  year = {2015},
  pages = {210--233},
  file = {C\:\\Users\\1\\Zotero\\storage\\BXNSAJZA\\Mariotti and Meinecke Bound Estimates of Return to Education Ox Bull Ec & Stat. 2014.pdf;C\:\\Users\\1\\Zotero\\storage\\MWL75SW2\\Mariotti и Meinecke - 2015 - Partial identification and bound estimation of the.pdf}
}

@article{moffit_064._1999,
  title = {064. {{Sample}} Attrition in Panel Data: {{The}} Role of Selection on Observables},
  shorttitle = {Sample Attrition in Panel Data},
  journal = {Annales d'Economie et de Statistique},
  author = {Moffit, Robert and Fitzgerald, John and Gottschalk, Peter},
  year = {1999},
  pages = {129--152},
  file = {C\:\\Users\\1\\Zotero\\storage\\949B3TBI\\Moffit и др. - 1999 - Sample attrition in panel data The role of select.pdf}
}

@article{ozabaci_053._2015,
  title = {053. {{Additive}} Kernel Estimates of Returns to Schooling},
  volume = {48},
  number = {1},
  journal = {Empirical Economics},
  author = {Ozabaci, Deniz and Henderson, Daniel J.},
  year = {2015},
  pages = {227--251},
  file = {C\:\\Users\\1\\Zotero\\storage\\BQZ4C5WD\\Ozabaci и Henderson - 2015 - Additive kernel estimates of returns to schooling.pdf;C\:\\Users\\1\\Zotero\\storage\\HQR8V6UF\\s00181-014-0877-8.html}
}

@article{polachek_059._2015,
  title = {059. {{Micro}}-and Macroeconomic Implications of Heterogeneity in the Production of Human Capital},
  volume = {123},
  number = {6},
  journal = {Journal of Political Economy},
  author = {Polachek, Solomon W. and Das, Tirthatanmoy and {Thamma-Apiroam}, Rewat},
  year = {2015},
  pages = {1410--1455},
  file = {C\:\\Users\\1\\Zotero\\storage\\5VRRGPXH\\Polachek и др. - 2015 - Micro-and macroeconomic implications of heterogene.pdf;C\:\\Users\\1\\Zotero\\storage\\C26Q3ZFH\\683989.html}
}

@article{canton_069._2007,
  title = {069. {{Social}} Returns to Education: {{Macro}}-Evidence},
  volume = {155},
  shorttitle = {Social Returns to Education},
  number = {4},
  journal = {De Economist},
  author = {Canton, Erik},
  year = {2007},
  pages = {449--468},
  file = {C\:\\Users\\1\\Zotero\\storage\\FHHEEFE5\\Canton - 2007 - Social returns to education Macro-evidence.pdf}
}

@incollection{card_070._1999,
  title = {070. {{The}} Causal Effect of Education on Earnings},
  volume = {3},
  booktitle = {Handbook of Labor Economics},
  publisher = {{Elsevier}},
  author = {Card, David},
  year = {1999},
  pages = {1801--1863},
  file = {C\:\\Users\\1\\Zotero\\storage\\NZ2MYGIU\\Card - 1999 - The causal effect of education on earnings.pdf}
}

@article{card_067._2001,
  title = {067. {{Estimating}} the Return to Schooling: {{Progress}} on Some Persistent Econometric Problems},
  volume = {69},
  shorttitle = {Estimating the Return to Schooling},
  number = {5},
  journal = {Econometrica},
  author = {Card, David},
  year = {2001},
  pages = {1127--1160},
  file = {C\:\\Users\\1\\Zotero\\storage\\FF9CCN9W\\Card - 2001 - Estimating the return to schooling Progress on so.pdf}
}

@article{carneiro_072._2007,
  title = {072. {{The}} Impact of Early Cognitive and Non-Cognitive Skills on Later Outcomes},
  author = {Carneiro, Pedro and Crawford, Claire and Goodman, Alissa},
  year = {2007},
  file = {C\:\\Users\\1\\Zotero\\storage\\TB86KN64\\Carneiro и др. - 2007 - The impact of early cognitive and non-cognitive sk.pdf}
}

@article{heckman_066._2006,
  title = {066. {{Earnings}} Functions, Rates of Return and Treatment Effects: {{The Mincer}} Equation and Beyond},
  volume = {1},
  shorttitle = {Earnings Functions, Rates of Return and Treatment Effects},
  journal = {Handbook of the Economics of Education},
  author = {Heckman, James J. and Lochner, Lance J. and Todd, Petra E.},
  year = {2006},
  pages = {307--458},
  file = {C\:\\Users\\1\\Zotero\\storage\\XLAFEWG8\\Heckman и др. - 2006 - Earnings functions, rates of return and treatment .pdf}
}

@article{kolesnikova_073._2010,
  title = {073. {{The}} Return to Education Isn't Calculated Easily},
  volume = {18},
  number = {1},
  journal = {The Regional Economist},
  author = {Kolesnikova, Natalia},
  year = {2010},
  pages = {12--13},
  file = {C\:\\Users\\1\\Zotero\\storage\\DAXMDXIE\\Kolesnikova - 2010 - The return to education isn’t calculated easily.pdf}
}

@article{patrinos_071._2019,
  title = {071. {{The Changing Pattern}} of {{Returns}} to {{Education}}},
  author = {Patrinos, Harry Anthony},
  year = {2019},
  file = {C\:\\Users\\1\\Zotero\\storage\\6FG58HHH\\Patrinos - 2019 - The Changing Pattern of Returns to Education.pdf}
}

@incollection{psacharopoulos_068._2019,
  address = {{Dordrecht}},
  title = {068. {{Rates}} of {{Return}} to {{Education}}: {{Conceptual}} and {{Methodological Issues}}},
  isbn = {978-94-017-9553-1},
  shorttitle = {Rates of {{Return}} to {{Education}}},
  language = {en},
  booktitle = {Encyclopedia of {{International Higher Education Systems}} and {{Institutions}}},
  publisher = {{Springer Netherlands}},
  author = {Psacharopoulos, George and Teixeira, Pedro},
  year = {2019},
  pages = {1-8},
  file = {C\:\\Users\\1\\Zotero\\storage\\4F2AU9CT\\Psacharopoulos и Teixeira - 2019 - Rates of Return to Education Conceptual and Metho.pdf},
  doi = {10.1007/978-94-017-9553-1_109-1}
}

@book{oecd_education_2019,
  title = {Education at a {{Glance}} 2019 {{OECD Indicators}}},
  author = {OECD},
  year = {2019},
  file = {C\:\\Users\\1\\Zotero\\storage\\DGSHQDGT\\OECD - 2019 - Education at a Glance 2019.pdf}
}

@article{renold_074._2018,
  title = {074. {{Comparing International Vocational Education}} and {{Training Programs}}: {{The KOF Education}}-{{Employment Linkage Index}}.},
  shorttitle = {Comparing {{International Vocational Education}} and {{Training Programs}}},
  journal = {National Center on Education and the Economy},
  author = {Renold, Ursula and Bolli, Thomas and Caves, Katherine and B{\"u}rgi, Jutta and Egg, Maria Esther and Kemper, Johanna and Rageth, Ladina},
  year = {2018},
  file = {C\:\\Users\\1\\Zotero\\storage\\UTHFCQJ8\\Renold и др. - 2018 - 074. Comparing International Vocational Education .pdf;C\:\\Users\\1\\Zotero\\storage\\EVJNVH7T\\eric.ed.gov.html}
}

@book{cedefop_075._2013,
  title = {075. {{On}} the Way to 2020: {{Data}} for Vocational Education and Training Policies. {{Country}} Statistical Overviews},
  shorttitle = {On the Way to 2020},
  publisher = {{Publications Office of the European Union Luxembourg}},
  author = {{Cedefop}},
  year = {2013},
  file = {C\:\\Users\\1\\Zotero\\storage\\VAMXFZNC\\Cedefop - 2013 - On the way to 2020 Data for vocational education .pdf}
}

@article{romele_080._2013,
  title = {080. {{Estimation}} of Internal Rate of Return ({{IRR}}) to Investments in Education in {{Latvia}}},
  volume = {3},
  number = {1},
  journal = {International Journal of Social Science and Humanity},
  author = {Romele, Linda},
  year = {2013},
  pages = {1},
  file = {C\:\\Users\\1\\Zotero\\storage\\YZZ3CGW9\\Romele - 2013 - 080. Estimation of internal rate of return (IRR) t.pdf}
}

@article{garcia-suaza_079._2014,
  title = {079. {{Beyond}} the {{Mincer}} Equation: The Internal Rate of Return to Higher Education in {{Colombia}}},
  volume = {22},
  issn = {0964-5292},
  abstract = {In order to present an estimation of the internal rate of return (IRR) to higher education in Colombia, we take advantage of recent updates on the methodological approach towards earnings equations. In order to overcome the criticism that surrounds interpretations of the education coefficient of Mincer equations as being the rate of return to investments in education we develop a more structured approach of estimation, which includes more accurate measures of labor income and the role of education costs and income taxes. Our results imply a lower rate of return than the ones found in the Colombian literature, obtained through conventional estimation of Mincer equations, and show that the IRR for higher education in Colombia lies somewhere between 0.074 and 0.128. The results vary according to the year analyzed and the individual's gender.},
  number = {3},
  journal = {Education Economics},
  doi = {10.1080/09645292.2011.595579},
  author = {{Garc{\'i}a-Suaza}, Andr{\'e}s Felipe and Guataqu{\'i}, Juan Carlos and Guerra, Jos{\'e} Alberto and Maldonado, Dar{\'i}o},
  month = may,
  year = {2014},
  pages = {328-344},
  file = {C\:\\Users\\1\\Zotero\\storage\\DGPAG6U5\\García-Suaza et al. - 2014 - 079. Beyond the Mincer equation the internal rate.pdf}
}

@article{bhuller_078._2017,
  title = {078. {{Life}}-Cycle Earnings, Education Premiums, and Internal Rates of Return},
  volume = {35},
  number = {4},
  journal = {Journal of Labor Economics},
  author = {Bhuller, Manudeep and Mogstad, Magne and Salvanes, Kjell G.},
  year = {2017},
  pages = {993-1030},
  file = {C\:\\Users\\1\\Zotero\\storage\\8CK2GRYQ\\Bhuller et al. - 2017 - 078. Life-cycle earnings, education premiums, and .pdf}
}

@book{psacharopoulos_077._1995,
  title = {077. {{The}} Profitability of Investment in Education: Concepts and Methods},
  publisher = {{World Bank Washington, DC}},
  author = {Psacharopoulos, George},
  year = {1995},
  file = {C\:\\Users\\1\\Zotero\\storage\\L7YI226J\\Psacharopoulos - 1995 - 077. The profitability of investment in education.pdf}
}

@techreport{oecd_076._2015,
  title = {076. {{OECD VET Key Messages}} and {{Country Summaries}}},
  author = {OECD},
  year = {2015},
  file = {C\:\\Users\\1\\Zotero\\storage\\TLSXWUD4\\OECD - 2015 - 076. OECD VET Key Messages and Country Summaries.pdf}
}

@article{kozyreva_081._2015,
  title = {081. {{Economic Change}} in {{Russia}}: {{Twenty Years}} of the {{Russian Longitudinal Monitoring Survey}}},
  volume = {23},
  shorttitle = {Economic {{Change}} in {{Russia}}},
  number = {2},
  journal = {Economics of Transition},
  author = {Kozyreva, Polina and Sabirianova Peter, Klara},
  year = {2015},
  pages = {293--298},
  file = {C\:\\Users\\1\\Zotero\\storage\\2D73HE6T\\Kozyreva и Sabirianova Peter - 2015 - Economic Change in Russia Twenty Years of the Rus.pdf;C\:\\Users\\1\\Zotero\\storage\\356SNNQT\\ecot.html}
}

@article{mincer_082._1974,
  title = {082. {{Schooling}}, {{Experience}}, and {{Earnings}}},
  journal = {NBER Books},
  author = {Mincer, Jacob A.},
  year = {1974},
  file = {C\:\\Users\\1\\Zotero\\storage\\4JTXJ57Q\\minc74-1.html}
}

@article{summers_083._1992,
  title = {083. {{Investing}} in All the {{People}}'{{Policy}} Research Working Paper 905},
  journal = {N. p.: The World Bank},
  author = {Summers, L.},
  year = {1992},
  file = {C\:\\Users\\1\\Zotero\\storage\\8K9G8SAC\\Summers - 1992 - 083. Investing in all the People’Policy research w.pdf}
}


