
@book{Psacharopoulos_1995,
  title = {{{The}} Profitability of Investment in Education: Concepts and Methods},
  publisher = {{World Bank Washington, DC}},
  author = {Psacharopoulos, George},
  year = {1995},
  file = {C\:\\Users\\1\\Zotero\\storage\\L7YI226J\\Psacharopoulos - 1995 - 077. The profitability of investment in education.pdf}
}
